%%%%% Introduction%%%%%%%%%%%%%%%%%%%%%%%%%%%%%%%%%%%%%%%%%
%%%%% Introduction%%%%%%%%%%%%%%%%%%%%%%%%%%%%%%%%%%%%%%%%%
%%%%% Introduction%%%%%%%%%%%%%%%%%%%%%%%%%%%%%%%%%%%%%%%%%
%%%%% Introduction%%%%%%%%%%%%%%%%%%%%%%%%%%%%%%%%%%%%%%%%%
@article{europeguidelines2014,
  title={2014 {ESC} Guidelines on the diagnosis and treatment of aortic diseases: document covering acute and chronic aortic diseases of the thoracic and abdominal aorta of the adult The Task Force for the Diagnosis and Treatment of Aortic Diseases of the {E}uropean {S}ociety of {C}ardiology {(ESC)}},
  author={Erbel, Raimund and Aboyans, Victor and Boileau, Catherine and Bossone, Eduardo and Bartolomeo, Roberto Di and Eggebrecht, Holger and Evangelista, Arturo and Falk, Volkmar and Frank, Herbert and others},
  journal={Eur. Heart J.},
  volume={35},
  number={41},
  pages={2873--2926},
  year={2014},
  publisher={Oxford University Press},
  doi = {10.1093/eurheartj/ehu281}
}

@article{american2010,
  title={2010 {ACCF / AHA / AATS / ACR / ASA / SCA / SCAI / SIR / STS / SVM} guidelines for the diagnosis and management of patients with thoracic aortic disease},
  author = {Loren F. Hiratzka  and George L. Bakris  and Joshua A. Beckman  and Robert M. Bersin  and Vincent F. Carr  and Donald E. Casey  and Kim A. Eagle  and Luke K. Hermann  and Eric M. Isselbacher  and Ella A. Kazerooni  and Nicholas T. Kouchoukos  and Bruce W. Lytle  and Dianna M. Milewicz  and David L. Reich  and Souvik Sen  and Julie A. Shinn  and Lars G. Svensson  and David M. Williams },
  journal={J. Am. Coll. Cardiol.},
  volume={55},
  number={14},
  pages={e27--e129},
  year={2010},
  publisher={American College of Cardiology Foundation Washington, DC},
  doi={10.1161/CIR.0b013e3181d4739e}
}

@article{shelmerdine2013,
  title={Applications of Laplace's law in clinical medicine: A radiological pictorial review},
  author={Shelmerdine, SC and Barber, JL and George, CD},
  journal={British Journal of Hospital Medicine (2005)},
  volume={74},
  number={8},
  pages={451--456},
  year={2013},
  publisher={MA Healthcare London},
  doi = {10.12968/hmed.2013.74.8.451}
}

@article{adriaans2019,
  title={Predictive imaging for thoracic aortic dissection and rupture: moving beyond diameters},
  author={Adriaans, Bouke P and Wildberger, Joachim E and Westenberg, Jos JM and Lamb, Hildo J and Schalla, Simon},
  journal={European radiology},
  volume={29},
  number={12},
  pages={6396--6404},
  year={2019},
  publisher={Springer},
  doi = {10.1007/s00330-019-06320-7}
}

@article{trimarchi2011,
  title={Descending aortic diameter of 5.5 cm or greater is not an accurate predictor of acute type B aortic dissection},
  author={Trimarchi, Santi and Jonker, Frederik HW and Hutchison, Stuart and Isselbacher, Eric M and Pape, Linda A and Patel, Himanshu J and Froehlich, James B and Muhs, Bart E and Rampoldi, Vincenzo and Grassi, Viviana and others},
  journal={The Journal of thoracic and cardiovascular surgery},
  volume={142},
  number={3},
  pages={e101--e107},
  year={2011},
  publisher={Elsevier},
  doi = {10.1016/j.jtcvs.2010.12.032}
}

@article{michelena2011,
  title={Incidence of aortic complications in patients with bicuspid aortic valves},
  author={Michelena, Hector I and Khanna, Amber D and Mahoney, Douglas and Margaryan, Edit and Topilsky, Yan and Suri, Rakesh M and Eidem, Ben and Edwards, William D and Sundt, Thoralf M and Enriquez-Sarano, Maurice},
  journal={Jama},
  volume={306},
  number={10},
  pages={1104--1112},
  year={2011},
  publisher={American Medical Association},
  doi = {10.1001/jama.2011.1286}
}

@article{jayendiran2020,
  title={Computational prediction of hemodynamical and biomechanical alterations induced by aneurysm dilatation in patient-specific ascending thoracic aortas},
  author={Jayendiran, Raja and Condemi, Francesca and Campisi, Salvatore and Viallon, Magalie and Croisille, Pierre and Avril, St{\'e}phane},
  journal={Int. J. Numer. Method. Biomed. Eng.},
  volume={36},
  number={6},
  pages={e3326},
  year={2020},
  publisher={Wiley Online Library},
  doi = {10.1002/cnm.3326}
}

@article{rueckel2021,
  title={Artificial intelligence assistance improves reporting efficiency of thoracic aortic aneurysm CT follow-up},
  author={Rueckel, J and Reidler, P and Fink, N and Sperl, J and Geyer, T and Fabritius, MP and Ricke, J and Ingrisch, M and Sabel, BO},
  journal={European Journal of Radiology},
  volume={134},
  pages={109424},
  year={2021},
  publisher={Elsevier},
  doi = {10.1016/j.ejrad.2020.109424}
}

@article{rozado2017,
  title={Comparing American, European and Asian practice guidelines for aortic diseases},
  author={Rozado, Jose and Martin, Maria and Pascual, Isaac and Hernandez-Vaquero, Daniel and Moris, Cesar},
  journal={Journal of thoracic disease},
  volume={9},
  number={Suppl 6},
  pages={S551},
  year={2017},
  publisher={AME Publications},
  doi = {10.21037/jtd.2017.03.97}
}

@article{liu2018,
  title={Estimation of in vivo mechanical properties of the aortic wall: A multi-resolution direct search approach},
  author={Liu, Minliang and Liang, Liang and Sun, Wei},
  journal={J. Mech. Behav. Biomed. Mater.},
  volume={77},
  pages={649--659},
  year={2018},
  publisher={Elsevier},
  doi={10.1016/j.jmbbm.2017.10.022}
}

@misc{WHO2024,
  title        = {Cardiovascular diseases},
  author       = {World Health Organization},
  year         = 2021,
  note         = {\url{https://www.who.int/news-room/fact-sheets/detail/cardiovascular-diseases-(cvds)} [Accessed: 08/03/2024]}
}

@article{beckman20222022,
  title={2022 ACC/AHA Guideline for the Diagnosis and Management of Aortic Disease: A Report of the American Heart Association/American College of Cardiology Joint Committee on Clinical Practice Guidelines},
  author={Beckman, Joshua A and Members, Writing Committee},
  journal={Circulation},
  volume={146},
  number={24},
  pages={e334--e482},
  year={2022},
  publisher={NIH Public Access},
  doi={10.1161/CIR.0000000000001106}
}

@article{mathur2016,
  title={Aortic aneurysm},
  author={Mathur, Atul and Mohan, Varun and Ameta, Deepak and Gaurav, Bhardwaj and Haranahalli, Pradeep},
  journal={Journal of translational internal medicine},
  volume={4},
  number={1},
  pages={35--41},
  year={2016},
  publisher={De Gruyter},
  doi={10.1515/jtim-2016-0008}
}

@article{corral2020,
  title={The ‘Digital Twin’to enable the vision of precision cardiology},
  author={Corral-Acero, Jorge and Margara, Francesca and Marciniak, Maciej and Rodero, Cristobal and Loncaric, Filip and Feng, Yingjing and Gilbert, Andrew and Fernandes, Joao F and Bukhari, Hassaan A and Wajdan, Ali and others},
  journal={Eur. Heart J.},
  volume={41},
  number={48},
  pages={4556--4564},
  year={2020},
  publisher={Oxford University Press},
  doi={10.1093/eurheartj/ehaa159}
}

@article{chau2013,
  title={Natural history of thoracic aortic aneurysms: size matters, plus moving beyond size},
  author={Chau, Katherine H and Elefteriades, John A},
  journal={Progress in cardiovascular diseases},
  volume={56},
  number={1},
  pages={74--80},
  year={2013},
  publisher={Elsevier},
  doi = {10.1016/j.pcad.2013.05.007}
}

@article{kuzmik2012,
  title={Natural history of thoracic aortic aneurysms},
  author={Kuzmik, Gregory A and Sang, Adam X and Elefteriades, John A},
  journal={Journal of vascular surgery},
  volume={56},
  number={2},
  pages={565--571},
  year={2012},
  publisher={Elsevier},
  doi={10.1016/j.jvs.2012.04.053}
}

%%%%% Theorethical concepts%%%%%%%%%%%%%%%%%%%%%%%%%%%%%%%%%%%%%%%%%
%%%%% Theorethical concepts%%%%%%%%%%%%%%%%%%%%%%%%%%%%%%%%%%%%%%%%%
%%%%% Theorethical concepts%%%%%%%%%%%%%%%%%%%%%%%%%%%%%%%%%%%%%%%%%
%%%%% Theorethical concepts%%%%%%%%%%%%%%%%%%%%%%%%%%%%%%%%%%%%%%%%%
@article{hamamsy2009,
  title={Cellular and molecular mechanisms of thoracic aortic aneurysms},
  author={El-Hamamsy, Ismail and Yacoub, Magdi H},
  journal={Nature Reviews Cardiology},
  volume={6},
  number={12},
  pages={771--786},
  year={2009},
  publisher={Nature Publishing Group},
  doi = {10.1038/nrcardio.2009.191}
}

@article{wilson2019,
  title={Assessment of the regional distribution of normalized circumferential strain in the thoracic and abdominal aorta using DENSE cardiovascular magnetic resonance},
  author={Wilson, John S and Taylor, W Robert and Oshinski, John},
  journal={Journal of Cardiovascular Magnetic Resonance},
  volume={21},
  number={1},
  pages={1--14},
  year={2019},
  publisher={BioMed Central},
  doi = {10.1186/s12968-019-0565-0}
}

@article{standring2005,
  title={Gray's anatomy: the anatomical basis of clinical practice},
  author={Standring, Susan and Ellis, Harold and Healy, J and Johnson, D and Williams, A and Collins, P and Wigley, C},
  journal={American journal of neuroradiology},
  volume={26},
  number={10},
  pages={2703},
  year={2005},
  publisher={Am Soc Neuroradiology}
}

@book{gasser2021book,
  title={Vascular Biomechanics: Concepts, Models, and Applications},
  author={Gasser, T. Christian},
  year={2021},
  publisher={Springer Cham},
  doi={10.1007/978-3-030-70966-2}
}

@book{guyton2020,
  title={Guyton and Hall textbook of medical physiology},
  author={Hall, John E and Hall, Michael E},
  year={2020},
  publisher={Elsevier Health Sciences},
  isbn={978-0-323-59712-8}
}

@article{belz1995,
  title={Elastic properties and Windkessel function of the human aorta},
  author={Belz, Gustav G},
  journal={Cardiovascular Drugs and Therapy},
  volume={9},
  number={1},
  pages={73--83},
  year={1995},
  publisher={Springer},
  doi = {10.1007/BF00877747}
}

@article{kruger2016,
  title={Ascending aortic elongation and the risk of dissection},
  author={Kr{\"u}ger, Tobias and Forkavets, Oksana and Veseli, Kujtim and Lausberg, Henning and V{\"o}hringer, Luise and Schneider, Wilke and Bamberg, Fabian and Schlensak, Christian},
  journal={European Journal of Cardio-Thoracic Surgery},
  volume={50},
  number={2},
  pages={241--247},
  year={2016},
  publisher={Oxford University Press},
  doi = {10.1093/ejcts/ezw025}  
}

@book{peacock2010,
  title={Pulmonary circulation},
  author={Peacock, Andrew J and Naeije, Robert and Rubin, Lewis J},
  year={2016},
  publisher={Hodder Arnold},
  isbn={978-1-4987-1994-0}
}

@article{holzapfel2000,
  title={A new constitutive framework for arterial wall mechanics and a comparative study of material models},
  author={Holzapfel, Gerhard A and Gasser, Thomas C and Ogden, Ray W},
  journal={Journal of elasticity and the physical science of solids},
  volume={61},
  pages={1--48},
  year={2000},
  publisher={Springer},
  doi={10.1023/A:1010835316564}
}

@article{westerhof2009,
  title={The arterial windkessel},
  author={Westerhof, Nico and Lankhaar, Jan-Willem and Westerhof, Berend E},
  journal={Medical \& biological engineering \& computing},
  volume={47},
  number={2},
  pages={131--141},
  year={2009},
  publisher={Springer},
  doi={10.1007/s11517-008-0359-2}
}

@article{bader1983,
  title={Importance of the gerontology of elastic arteries in the development of essential hypertension},
  author={Bader, Hermann},
  journal={Clinical physiology and biochemistry},
  volume={1},
  number={1},
  pages={36--56},
  year={1983}
}

@article{wagenseil2009,
  title={Reduced vessel elasticity alters cardiovascular structure and function in newborn mice},
  author={Wagenseil, Jessica E and Ciliberto, Chris H and Knutsen, Russell H and Levy, Marilyn A and Kovacs, Attila and Mecham, Robert P},
  journal={Circulation research},
  volume={104},
  number={10},
  pages={1217--1224},
  year={2009},
  publisher={Am Heart Assoc},
  doi={10.1161/CIRCRESAHA.108.192054}
}

@inproceedings{valente2023,
  title={CFD Model of the Ascending Thoracic Aortic Aneurysms with Patient Wall Deformation},
  author={Valente, Rodrigo and Mourato, Andr{\'e} and Xavier, Jos{\'e} and Brito, Mois{\'e}s and Avril, St{\'e}phane and Tom{\'a}s, Ant{\'o}nio and Fragata, Jos{\'e}},
  booktitle={Congress of the Portuguese Society of Biomechanics},
  pages={69--77},
  year={2023},
  organization={Springer},
  doi={10.1007/978-3-031-47790-4_7}
}

@article{calo2023,
  title={Impact of wall displacements on the large-scale flow coherence in ascending aorta},
  author={Cal{\`o}, Karol and Capellini, Katia and De Nisco, Giuseppe and Mazzi, Valentina and Gasparotti, Emanuele and Gallo, Diego and Celi, Simona and Morbiducci, Umberto},
  journal={J. Biomech.},
  volume={154},
  pages={111620},
  year={2023},
  publisher={Elsevier},
  doi={10.1016/j.jbiomech.2023.111620}
}

@article{kassab2006,
  title={Biomechanics of the cardiovascular system: the aorta as an illustratory example},
  author={Kassab, Ghassan S},
  journal={J. R. Soc. Interface},
  volume={3},
  number={11},
  pages={719--740},
  year={2006},
  publisher={The Royal Society London},
  doi={10.1098/rsif.2006.0138}
}

@book{tuma2011,
  title={Microcirculation},
  author={Tuma, Ronald F and Dur{\'a}n, Walter N and Ley, Klaus},
  volume={4},
  year={2011},
  publisher={Academic Press},
  isbn={978-0-12-374530-9}
}

@article{ellis2005,
  title={The microcirculation as a functional system},
  author={Ellis, Christopher G and Jagger, Justin and Sharpe, Michael},
  journal={Critical care},
  volume={9},
  pages={1--6},
  year={2005},
  publisher={Springer},
  doi={10.1186/cc3751}
}

@article{popel2005,
  title={Microcirculation and hemorheology},
  author={Popel, Aleksander S and Johnson, Paul C},
  journal={Annu. Rev. Fluid Mech.},
  volume={37},
  pages={43--69},
  year={2005},
  publisher={Annual Reviews},
  doi={10.1146/annurev.fluid.37.042604.133933}
}

@inproceedings{baskurt2003,
  title={Blood rheology and hemodynamics},
  author={Baskurt, Oguz K and Meiselman, Herbert J},
  booktitle={Seminars in thrombosis and hemostasis},
  volume={29},
  number={05},
  year={2003},
  doi={10.1055/s-2003-44551}
}

@book{baskurt2007,
  title={Handbook of hemorheology and hemodynamics},
  author={Baskurt, Oguz K and Hardeman, Max R and Rampling, Michael W},
  volume={69},
  year={2007},
  publisher={IOS press},
  isbn={978-1-58603-771-0}
}

@article{beris2021,
  title={Recent advances in blood rheology: A review},
  author={Beris, Antony N and Horner, Jeffrey S and Jariwala, Soham and Armstrong, Matthew J and Wagner, Norman J},
  journal={Soft Matter},
  volume={17},
  number={47},
  pages={10591--10613},
  year={2021},
  publisher={Royal Society of Chemistry},
  doi={10.1039/D1SM01212F}  
}

@book{thiriet2007,
  title={Biology and mechanics of blood flows: Part II: Mechanics and medical aspects},
  author={Thiriet, Marc},
  year={2007},
  publisher={Springer Science \& Business Media},
  doi={10.1007/978-0-387-74847-4}
}

@article{pugholm2016,
  title={Phenotyping of leukocytes and leukocyte-derived extracellular vesicles},
  author={Pugholm, Lotte Hatting and B{\ae}k, Rikke and S{\o}ndergaard, Evo Kristina Lindersson and Revenfeld, Anne Louise Schacht and J{\o}rgensen, Malene M{\o}ller and Varming, Kim and others},
  journal={Journal of immunology research},
  volume={2016},
  year={2016},
  publisher={Hindawi},
  doi={10.1155/2016/6391264}
}

@article{marossy2009,
  title={Hemorheology and circulation},
  author={Marossy, A and {\v{S}}vorc, P and Kron, I and Gre{\v{s}}ov{\'a}, S},
  journal={Clinical hemorheology and microcirculation},
  volume={42},
  number={4},
  pages={239--258},
  year={2009},
  publisher={IOS Press},
  doi={10.3233/CH-2009-1192}
}

@article{eppihimer1996,
  title={Effects of leukocyte-capillary plugging on the resistance to flow in the microvasculature of cremaster muscle for normal and activated leukocytes},
  author={Eppihimer, MJ and Lipowsky, HH},
  journal={Microvascular research},
  volume={51},
  number={2},
  pages={187--201},
  year={1996},
  publisher={Elsevier},
  doi= {10.1006/mvre.1996.002}
}

@inbook{chien1975,
  author  = {Chien, Shu},
  title   = {Biophysical behavior of red cells in suspensions},
  booktitle = {The red blood cell},
  chapter = {26},
  pages   = {1031--1133},
  year    = {1975},
  volume={2},
  publisher = {Academic Press, Inc},
  address   = {New York},
  isbn={0-12-677202-9}
}

@article{bachmann2000,
  title={Fluid dynamics of a pediatric ventricular assist device},
  author={Bachmann, Christopher and Hugo, Geoff and Rosenberg, Gerson and Deutsch, Steve and Fontaine, Arnold and Tarbell, John M},
  journal={Artificial Organs},
  volume={24},
  number={5},
  pages={362--372},
  year={2000},
  publisher={Wiley Online Library},
  doi={10.1046/j.1525-1594.2000.06536.x}
}

@article{al2017,
  title={Investigating the impact of non-Newtonian blood models within a heart pump},
  author={Al-Azawy, Mohammed G and Turan, A and Revell, Alistair},
  journal={Int. J. Numer. Method. Biomed. Eng.},
  volume={33},
  number={1},
  pages={e02780},
  year={2017},
  publisher={Wiley Online Library},
  doi={10.1002/cnm.2780}
}

@article{wei2020,
  title={On the significance of blood flow shear-rate-dependency in modeling of Fontan hemodynamics},
  author={Wei, Heng and Cheng, Andrew L and Pahlevan, Niema M},
  journal={European Journal of Mechanics-B/Fluids},
  volume={84},
  pages={1--14},
  year={2020},
  publisher={Elsevier},
  doi={10.1016/j.euromechflu.2020.05.011}
}

@article{kannojiya2020,
  title={Simulation of blood as fluid: A review from rheological aspects},
  author={Kannojiya, Vikas and Das, Arup Kumar and Das, Prasanta Kumar},
  journal={IEEE Reviews in Biomedical Engineering},
  volume={14},
  pages={327--341},
  year={2020},
  publisher={IEEE},
  doi={10.1109/RBME.2020.3011182}
}

@inproceedings{silva2020,
  title={Comparative Study of Rheological Models for Pulsatile Blood Flow in Realistic Aortic Arch Aneurysm Geometry by Numerical Computer Simulation},
  author={Silva, MLF and Gon{\c{c}}alves, SDF and Costa, MCB and Huebner, R},
  booktitle={Brazilian Congress on Biomedical Engineering},
  pages={37--42},
  year={2020},
  organization={Springer},
  doi={10.1007/978-3-030-70601-2_6}
}

@article{sedeh2021,
  title={Investigation of non-Newtonian blood flow with power-law model: Effects of coronary congenital heart defect on a specific age type},
  author={Sedeh, Shahab Naghdi and Yarmohammadi, Ali and Toghraie, Davood and Alizadeh, As' ad},
  journal={ZAMM-Journal of Applied Mathematics and Mechanics/Zeitschrift f{\"u}r Angewandte Mathematik und Mechanik},
  pages={e202000298},
  year={2021},
  publisher={Wiley Online Library},
  doi={10.1002/zamm.202000298}
}

@article{caballero2015,
  title={Numerical simulation of non-Newtonian blood flow dynamics in human thoracic aorta},
  author={Caballero, AD and La{\'\i}n, S},
  journal={Comput. Method. Biomec.},
  volume={18},
  number={11},
  pages={1200--1216},
  year={2015},
  publisher={Taylor \& Francis},
  doi={10.1080/10255842.2014.887698}
}

@article{soulis2008,
  title={Non-Newtonian models for molecular viscosity and wall shear stress in a 3D reconstructed human left coronary artery},
  author={Soulis, Johannes V and Giannoglou, George D and Chatzizisis, Yiannis S and Seralidou, Kypriani V and Parcharidis, George E and Louridas, George E},
  journal={Med. Eng. Phys.},
  volume={30},
  number={1},
  pages={9--19},
  year={2008},
  publisher={Elsevier},
  doi={10.1016/j.medengphy.2007.02.001}
}

@article{jahangiri2018,
  title={Effect of six non-Newtonian viscosity models on hemodynamic parameters of pulsatile blood flow in stenosed artery},
  author={Jahangiri, Mehdi and Saghafian, Mohsen and Sadeghi, Mahmood Reza},
  journal={Journal of Computational \& Applied Research in Mechanical Engineering (JCARME)},
  volume={7},
  number={2},
  pages={199--207},
  year={2018},
  publisher={Shahid Rajaee Teacher Training University (SRTTU)},
  doi={10.22061/jcarme.2017.1433.1114}
}

@article{soares2017,
  title={Computational fluid dynamics in abdominal aorta bifurcation: non-Newtonian versus Newtonian blood flow in a real case study},
  author={Soares, Armando A and Gonzaga, S{\'\i}lvia and Oliveira, Carlos and Sim{\~o}es, Andr{\'e} and Rouboa, Abel I},
  journal={Comput. Method. Biomec.},
  volume={20},
  number={8},
  pages={822--831},
  year={2017},
  publisher={Taylor \& Francis},
  doi={10.1080/10255842.2017.1302433}
}
@inproceedings{goubergrits2008,
  title={Choice and impact of a non-Newtonian blood model for wall shear stress profiling of coronary arteries},
  author={Goubergrits, L and Wellnhofer, E and Kertzscher, U},
  year      = {16 June 2008},
  doi={10.1080/10255842.2017.1302433},
  booktitle = {14th Nordic-Baltic Conference on Biomedical Engineering and Medical Physics, Riga, Latvia}
}

@article{mansour2010,
  title={Red blood cell migration in microvessels},
  author={Mansour, Mohamed H and Bressloff, Neil W and Shearman, Cliff P},
  journal={Biorheology},
  volume={47},
  number={1},
  pages={73--93},
  year={2010},
  publisher={IOS Press},
  doi={10.3233/BIR-2010-0560}
}

@article{molla2012,
  title={LES of non-Newtonian physiological blood flow in a model of arterial stenosis},
  author={Molla, M Mamun and Paul, MC},
  journal={Med. Eng. Phys.},
  volume={34},
  number={8},
  pages={1079--1087},
  year={2012},
  publisher={Elsevier},
  doi={10.1016/j.medengphy.2011.11.013}
}

@article{mousavi2021,
  title={Coupling hemodynamics with mechanobiology in patient-specific computational models of ascending thoracic aortic aneurysms},
  author={Mousavi, S Jamaleddin and Jayendiran, Raja and Farzaneh, Solmaz and Campisi, Salvatore and Viallon, Magalie and Croisille, Pierre and Avril, St{\'e}phane},
  journal={Comput. Methods Programs Biomed.},
  volume={205},
  pages={106107},
  year={2021},
  publisher={Elsevier},
  doi={10.1016/j.cmpb.2021.106107}
}

@inbook{gasser2020,
  author={Gasser, T Christian},
  title={Modeling the structural and mechanical properties of the normal and aneurysmatic aortic wall},
  booktitle={Multi-scale Extracellular Matrix Mechanics and Mechanobiology},
  pages={55--82},
  year={2020},
  publisher={Springer International Publishing},
  address={Cham},
  isbn={978-3-030-20182-1},
  doi={10.1007/978-3-030-20182-1_3}
}

@article{davies2016,
  title={Adaptive homeostasis},
  author={Davies, Kelvin JA},
  journal={Molecular aspects of medicine},
  volume={49},
  pages={1--7},
  year={2016},
  publisher={Elsevier},
  doi={10.1016/j.mam.2016.04.007}
}

@article{betts2013,
  title={Anatomy and physiology. OpenStax},
  author={Betts, J Gordon and Desaix, P and Johnson, E and Johnson, JE and Korol, O and Kruse, D and Poe, B and Wise, JA and Womble, Mark and Young, KA},
  journal={Rice University: Houston, TX, USA},
  year={2013},
  isbn={978-1-951693-42-8}
}

@article{hope2007,
  title={Comparison of flow patterns in ascending aortic aneurysms and volunteers using four-dimensional magnetic resonance velocity mapping},
  author={Hope, Thomas A and Markl, Michael and Wigstr{\"o}m, Lars and Alley, Marcus T and Miller, D Craig and Herfkens, Robert J},
  journal={Journal of Magnetic Resonance Imaging: An Official Journal of the International Society for Magnetic Resonance in Medicine},
  volume={26},
  number={6},
  pages={1471--1479},
  year={2007},
  publisher={Wiley Online Library},
  doi={10.1002/jmri.21082}
}

@article{jarral2020,
  title={Phase-contrast magnetic resonance imaging and computational fluid dynamics assessment of thoracic aorta blood flow: a literature review},
  author={Jarral, Omar A and Tan, Matthew KH and Salmasi, Mohammad Yousuf and Pirola, Selene and Pepper, John R and O’Regan, Declan P and Xu, Xiao Y and Athanasiou, Thanos},
  journal={European Journal of Cardio-Thoracic Surgery},
  volume={57},
  number={3},
  pages={438--446},
  year={2020},
  publisher={Oxford University Press},
  doi={10.1093/ejcts/ezz280}
}

@article{liu2015,
  title={Physiological significance of helical flow in the arterial system and its potential clinical applications},
  author={Liu, Xiao and Sun, Anqiang and Fan, Yubo and Deng, Xiaoyan},
  journal={Ann. Biomed. Eng.},
  volume={43},
  pages={3--15},
  year={2015},
  publisher={Springer},
  doi={10.1007/s10439-014-1097-2}
}

@article{deNisco2019,
  title={The atheroprotective nature of helical flow in coronary arteries},
  author={De Nisco, Giuseppe and Kok, Annette M and Chiastra, Claudio and Gallo, Diego and Hoogendoorn, Ayla and Migliavacca, Francesco and Wentzel, Jolanda J and Morbiducci, Umberto},
  journal={Ann. Biomed. Eng.},
  volume={47},
  pages={425--438},
  year={2019},
  publisher={Springer},
  doi={10.1007/s10439-018-02169-x}
}

@article{youssefi2017,
  title={Patient-specific computational fluid dynamics—assessment of aortic hemodynamics in a spectrum of aortic valve pathologies},
  author={Youssefi, Pouya and Gomez, Alberto and He, Taigang and Anderson, Lisa and Bunce, Nick and Sharma, Rajan and Figueroa, C Alberto and Jahangiri, Marjan},
  journal={The Journal of thoracic and cardiovascular surgery},
  volume={153},
  number={1},
  pages={8--20},
  year={2017},
  publisher={Elsevier},
  doi={10.1016/j.jtcvs.2016.09.040}
}

@article{ha2018,
  title={Age-related vascular changes affect turbulence in aortic blood flow},
  author={Ha, Hojin and Ziegler, Magnus and Welander, Martin and Carlh{\"a}ll, Carl-Johan and Lindenberger, Marcus and L{\"a}nne, Toste and Ebbers, Tino and Dyverfeldt, Petter},
  journal={Front. Physiol.},
  volume={9},
  pages={310199},
  year={2018},
  publisher={Frontiers},
  doi={10.3389/fphys.2018.00036}
}

@article{ong2020,
  title={Computational fluid dynamics modeling of hemodynamic parameters in the human diseased aorta: A systematic review},
  author={Ong, Chi Wei and Wee, Ian and Syn, Nicholas and Ng, Sheryl and Leo, Hwa Liang and Richards, Arthur Mark and Choong, Andrew MTL},
  journal={Annals of Vascular Surgery},
  volume={63},
  pages={336--381},
  year={2020},
  publisher={Elsevier},
  doi={10.1016/j.avsg.2019.04.032}
}

@article{vergara2017,
  title={Large eddy simulations of blood dynamics in abdominal aortic aneurysms},
  author={Vergara, Christian and Le Van, Davide and Quadrio, Maurizio and Formaggia, Luca and Domanin, Maurizio},
  journal={Med. Eng. Phys.},
  volume={47},
  pages={38--46},
  year={2017},
  publisher={Elsevier},
  doi={10.1016/j.medengphy.2017.06.030}
}

@article{kobeissi2019,
  title={Blood pressure, hypertension and the risk of abdominal aortic aneurysms: a systematic review and meta-analysis of cohort studies},
  author={Kobeissi, Elsa and Hibino, Makoto and Pan, Han and Aune, Dagfinn},
  journal={European journal of epidemiology},
  volume={34},
  pages={547--555},
  year={2019},
  publisher={Springer},
  doi={10.1007/s10654-019-00510-9}
}

@article{postnov2021,
  title={Thoracic aortic aneurysm: blood pressure and inflammation as key factors in the development of aneurysm dissection},
  author={Postnov, Anton and Suslov, Andrey and Sobenin, Igor and Chairkin, Ivan and Sukhorukov, Vasily and Ekta, Mariam B and Khotina, Victoria and Afanasiev, Maxim and Chumachenko, Peter and Orekhov, Alexander},
  journal={Current Pharmaceutical Design},
  volume={27},
  number={28},
  pages={3122--3127},
  year={2021},
  publisher={Bentham Science Publishers},
  doi={10.2174/1381612827666210210142200}
}

@article{hatakeyama2001,
  title={Risk factors for rupture of abdominal aortic aneurysm based on three-dimensional study},
  author={Hatakeyama, Takuya and Shigematsu, Hiroshi and Muto, Tetsuichiro},
  journal={Journal of Vascular Surgery},
  volume={33},
  number={3},
  pages={453--461},
  year={2001},
  publisher={Elsevier},
  doi={10.1067/mva.2001.111731}
}

@article{Ruddy2008,
  title = {Regional heterogeneity within the aorta: Relevance to aneurysm disease},
  volume = {136},
  ISSN = {0022-5223},
  url = {http://dx.doi.org/10.1016/j.jtcvs.2008.06.027},
  DOI = {10.1016/j.jtcvs.2008.06.027},
  number = {5},
  journal = {The Journal of Thoracic and Cardiovascular Surgery},
  publisher = {Elsevier BV},
  author = {Ruddy,  Jean Marie and Jones,  Jeffrey A. and Spinale,  Francis G. and Ikonomidis,  John S.},
  year = {2008},
  month = nov,
  pages = {1123–1130}
}

@article{Concannon2019,
  title = {Quantification of the regional bioarchitecture in the human aorta},
  volume = {236},
  ISSN = {1469-7580},
  url = {http://dx.doi.org/10.1111/joa.13076},
  DOI = {10.1111/joa.13076},
  number = {1},
  journal = {Journal of Anatomy},
  publisher = {Wiley},
  author = {Concannon,  J. and Dockery,  P. and Black,  A. and Sultan,  S. and Hynes,  N. and McHugh,  P. E. and Moerman,  K. M. and McGarry,  J. P.},
  year = {2019},
  month = sep,
  pages = {142–155}
}

@article{Shi2020,
  title = {Metabolism of vascular smooth muscle cells in vascular diseases},
  volume = {319},
  ISSN = {1522-1539},
  url = {http://dx.doi.org/10.1152/ajpheart.00220.2020},
  DOI = {10.1152/ajpheart.00220.2020},
  number = {3},
  journal = {American Journal of Physiology-Heart and Circulatory Physiology},
  publisher = {American Physiological Society},
  author = {Shi,  Jia and Yang,  Yi and Cheng,  Anying and Xu,  Gang and He,  Fan},
  year = {2020},
  month = sep,
  pages = {H613–H631}
}

@article{Milewicz2010,
  title = {Genetic variants promoting smooth muscle cell proliferation can result in diffuse and diverse vascular diseases: Evidence for a hyperplastic vasculomyopathy},
  volume = {12},
  ISSN = {1098-3600},
  url = {http://dx.doi.org/10.1097/GIM.0b013e3181cdd687},
  DOI = {10.1097/gim.0b013e3181cdd687},
  number = {4},
  journal = {Genetics in Medicine},
  publisher = {Elsevier BV},
  author = {Milewicz,  Dianna M. and Kwartler,  Callie S. and Papke,  Christina L. and Regalado,  Ellen S. and Cao,  Jiumei and Reid,  Amy J.},
  year = {2010},
  month = apr,
  pages = {196–203}
}

@article{Basatemur2019,
  title = {Vascular smooth muscle cells in atherosclerosis},
  volume = {16},
  ISSN = {1759-5010},
  url = {http://dx.doi.org/10.1038/s41569-019-0227-9},
  DOI = {10.1038/s41569-019-0227-9},
  number = {12},
  journal = {Nature Reviews Cardiology},
  publisher = {Springer Science and Business Media LLC},
  author = {Basatemur,  Gemma L. and Jørgensen,  Helle F. and Clarke,  Murray C. H. and Bennett,  Martin R. and Mallat,  Ziad},
  year = {2019},
  month = jun,
  pages = {727–744}
}

@article{Weisbecker2013,
  title = {The role of elastin and collagen in the softening behavior of the human thoracic aortic media},
  volume = {46},
  ISSN = {0021-9290},
  url = {http://dx.doi.org/10.1016/j.jbiomech.2013.04.025},
  DOI = {10.1016/j.jbiomech.2013.04.025},
  number = {11},
  journal = {Journal of Biomechanics},
  publisher = {Elsevier BV},
  author = {Weisbecker,  Hannah and Viertler,  Christian and Pierce,  David M. and Holzapfel,  Gerhard A.},
  year = {2013},
  month = jul,
  pages = {1859–1865}
}

@article{SCHRIEFL2015125,
title = {Selective enzymatic removal of elastin and collagen from human abdominal aortas: Uniaxial mechanical response and constitutive modeling},
journal = {Acta Biomaterialia},
volume = {17},
pages = {125-136},
year = {2015},
issn = {1742-7061},
doi = {https://doi.org/10.1016/j.actbio.2015.01.003},
url = {https://www.sciencedirect.com/science/article/pii/S1742706115000045},
author = {Andreas J. Schriefl and Thomas Schmidt and Daniel Balzani and Gerhard Sommer and Gerhard A. Holzapfel},
keywords = {Human aorta, Elastase, Collagenase, Trypsin inhibitor, Damage modeling}
}

@article{Gundiah2013,
  title = {Effects of elastase and collagenase on the nonlinearity and anisotropy of porcine aorta},
  volume = {34},
  ISSN = {1361-6579},
  url = {http://dx.doi.org/10.1088/0967-3334/34/12/1657},
  DOI = {10.1088/0967-3334/34/12/1657},
  number = {12},
  journal = {Physiological Measurement},
  publisher = {IOP Publishing},
  author = {Gundiah,  Namrata and Babu,  Anju R and Pruitt,  Lisa A},
  year = {2013},
  month = {nov},
  pages = {1657–1673}
}

@article{Franchini2021,
  title = {Viscoelastic characterization of human descending thoracic aortas under cyclic load},
  volume = {130},
  ISSN = {1742-7061},
  url = {http://dx.doi.org/10.1016/j.actbio.2021.05.025},
  DOI = {10.1016/j.actbio.2021.05.025},
  journal = {Acta Biomaterialia},
  publisher = {Elsevier BV},
  author = {Franchini,  Giulio and Breslavsky,  Ivan D. and Holzapfel,  Gerhard A. and Amabili,  Marco},
  year = {2021},
  month = {aug},
  pages = {291–307}
}

@article{Kamenskiy2014,
  title = {Biaxial mechanical properties of the human thoracic and abdominal aorta,  common carotid,  subclavian,  renal and common iliac arteries},
  volume = {13},
  ISSN = {1617-7940},
  url = {http://dx.doi.org/10.1007/s10237-014-0576-6},
  DOI = {10.1007/s10237-014-0576-6},
  number = {6},
  journal = {Biomechanics and Modeling in Mechanobiology},
  publisher = {Springer Science and Business Media LLC},
  author = {Kamenskiy,  Alexey V. and Dzenis,  Yuris A. and Kazmi,  Syed A. Jaffar and Pemberton,  Mark A. and Pipinos,  Iraklis I. and Phillips,  Nick Y. and Herber,  Kyle and Woodford,  Thomas and Bowen,  Robert E. and Lomneth,  Carol S. and MacTaggart,  Jason N.},
  year = {2014},
  month = apr,
  pages = {1341–1359}
}

@article{Avanzini2014,
  title = {Biomechanical Evaluation of Ascending Aortic Aneurysms},
  volume = {2014},
  ISSN = {2314-6141},
  url = {http://dx.doi.org/10.1155/2014/820385},
  DOI = {10.1155/2014/820385},
  journal = {BioMed Research International},
  publisher = {Wiley},
  author = {Avanzini,  Andrea and Battini,  Davide and Bagozzi,  Lorenzo and Bisleri,  Gianluigi},
  year = {2014},
  pages = {1–9}
}

@article{Riveros2012,
  title = {A Pull-Back Algorithm to Determine the Unloaded Vascular Geometry in Anisotropic Hyperelastic AAA Passive Mechanics},
  volume = {41},
  ISSN = {1573-9686},
  url = {http://dx.doi.org/10.1007/s10439-012-0712-3},
  DOI = {10.1007/s10439-012-0712-3},
  number = {4},
  journal = {Annals of Biomedical Engineering},
  publisher = {Springer Science and Business Media LLC},
  author = {Riveros,  Fabián and Chandra,  Santanu and Finol,  Ender A. and Gasser,  T. Christian and Rodriguez,  Jose F.},
  year = {2012},
  month = nov,
  pages = {694–708}
}

@article{Polzer2013,
  title = {Importance of material model in wall stress prediction in abdominal aortic aneurysms},
  volume = {35},
  ISSN = {1350-4533},
  url = {http://dx.doi.org/10.1016/j.medengphy.2013.01.008},
  DOI = {10.1016/j.medengphy.2013.01.008},
  number = {9},
  journal = {Medical Engineering Physics},
  publisher = {Elsevier BV},
  author = {Polzer,  Stanislav and Christian Gasser,  T. and Bursa,  Jiri and Staffa,  Robert and Vlachovsky,  Robert and Man,  Vojtech and Skacel,  Pavel},
  year = {2013},
  month = sep,
  pages = {1282–1289}
}

@article{Holzapfel2004,
  title = {Comparison of a Multi-Layer Structural Model for Arterial Walls With a Fung-Type Model,  and Issues of Material Stability},
  volume = {126},
  ISSN = {1528-8951},
  url = {http://dx.doi.org/10.1115/1.1695572},
  DOI = {10.1115/1.1695572},
  number = {2},
  journal = {Journal of Biomechanical Engineering},
  publisher = {ASME International},
  author = {Holzapfel,  Gerhard A. and Gasser,  Thomas C. and Ogden,  Ray W.},
  year = {2004},
  month = apr,
  pages = {264–275}
}

%%%%% State of the art%%%%%%%%%%%%%%%%%%%%%%%%%%%%%%%%%%%%%%%%%
%%%%% State of the art%%%%%%%%%%%%%%%%%%%%%%%%%%%%%%%%%%%%%%%%%
%%%%% State of the art%%%%%%%%%%%%%%%%%%%%%%%%%%%%%%%%%%%%%%%%%
%%%%% State of the art%%%%%%%%%%%%%%%%%%%%%%%%%%%%%%%%%%%%%%%%%
@article{coorey2021,
  title     = {The health digital twin: advancing precision cardiovascular medicine},
  author    = {Coorey, Genevieve and Figtree, Gemma A and Fletcher, David F and Redfern, Julie},
  journal   = {Nat. Rev. Cardiol.},
  volume    = {18},
  number    = {12},
  pages     = {803-804},
  year      = {2021},
  publisher = {Nature Publishing Group},
  doi       = {10.1038/s41569-021-00630-4}
}

@article{prisma2021,
  title     = {The PRISMA 2020 statement: an updated guideline for reporting systematic reviews},
  author    = {Page, Matthew J and Moher, David and Bossuyt, Patrick M and Boutron, Isabelle and Hoffmann, Tammy C and Mulrow, Cynthia D and Shamseer, Larissa and Tetzlaff, Jennifer M and Akl, Elie A and Brennan, Sue E and others},
  journal   = {Br. Med. J.},
  volume    = {372},
  pages     = {1-11},
  year      = {2021},
  publisher = {British Medical Journal Publishing Group},
  doi       = {10.1186/s13643-021-01626-4}
}

@article{schunemann2008grading,
  title     = {Grading quality of evidence and strength of recommendations for diagnostic tests and strategies},
  author    = {Sch{\"u}nemann, Holger J and Oxman, Andrew D and Brozek, Jan and Glasziou, Paul and Jaeschke, Roman and Vist, Gunn E and Williams, John W and Kunz, Regina and Craig, Jonathan and Montori, Victor M and others},
  journal   = {Br. Med. J.},
  volume    = {336},
  number    = {7653},
  pages     = {1106--1110},
  year      = {2008},
  publisher = {British Medical Journal Publishing Group},
  doi       = {10.1136/bmj.39500.677199.AE}
}
@article{guyatt2008quality,
  title     = {What is “quality of evidence” and why is it important to clinicians?},
  author    = {Guyatt, Gordon H and Oxman, Andrew D and Kunz, Regina and Vist, Gunn E and Falck-Ytter, Yngve and Sch{\"u}nemann, Holger J},
  journal   = {Br. Med. J.},
  volume    = {336},
  number    = {7651},
  pages     = {995-998},
  year      = {2008},
  publisher = {British Medical Journal Publishing Group},
  doi       = {10.1136/bmj.39490.551019.BE}
}

@article{Zacek1996,
  author   = {Žáček, M. and Krause, E.},
  title    = {Numerical simulation of the blood flow in the human cardiovascular system},
  year     = {1996},
  volume   = {29},
  number   = {1},
  pages    = {13-20},
  doi      = {10.1016/0021-9290(95)00027-5},
  journal  = {J. Biomech.}
}

@article{Lou1993,
  author   = {Lou, Z. and Yang, W.-J.},
  title    = {A computer simulation of the non-Newtonian blood flow at the aortic bifurcation},
  year     = {1993},
  volume   = {26},
  number   = {1},
  pages    = {37-49},
  doi      = {10.1016/0021-9290(93)90611-H},
  journal  = {J. Biomech.}
}

@article{luo2018,
  title     = {Machine learning-aided exploration of relationship between strength and elastic properties in ascending thoracic aneurysm},
  author    = {Luo, Yuanming and Fan, Zhiwei and Baek, Stephen and Lu, Jia},
  journal   = {Int. J. Numer. Method. Biomed. Eng.},
  volume    = {34},
  number    = {6},
  pages     = {e2977},
  year      = {2018},
  publisher = {Wiley Online Library},
  doi       = {10.1002/cnm.2977}
}

@article{he2021,
  title     = {Estimating aortic thoracic aneurysm rupture risk using tension-strain data in physiological pressure range: an in vitro study},
  author    = {He, Xuehuan and Avril, Stephane and Lu, Jia},
  journal   = {Biomech. Model. Mechanobiol.},
  volume    = {20},
  number    = {2},
  pages     = {683-699},
  year      = {2021},
  publisher = {Springer},
  doi       = {10.1007/s10237-020-01410-8}
}

@article{he2021b,
  title     = {Prediction of local strength of ascending thoracic aortic aneurysms},
  author    = {He, Xuehuan and Avril, Stephane and Lu, Jia},
  journal   = {J. Mech. Behav. Biomed. Mater.},
  volume    = {115},
  pages     = {104284},
  year      = {2021},
  publisher = {Elsevier},
  doi       = {10.1016/j.jmbbm.2020.104284}
}

@article{liu2020,
  title     = {A generic physics-informed neural network-based constitutive model for soft biological tissues},
  author    = {Liu, Minliang and Liang, Liang and Sun, Wei},
  journal   = {Comput. Methods Appl. Mech. Eng.},
  volume    = {372},
  pages     = {113402},
  year      = {2020},
  publisher = {Elsevier},
  doi       = {10.1016/j.cma.2020.113402}
}

@article{wang2021,
  title     = {Effect of Glycation on Interlamellar Bonding of Arterial Elastin},
  author    = {Wang, R and Yu, X and Gkousioudi, A and Zhang, Y},
  journal   = {Exp. Mech.},
  volume    = {61},
  number    = {1},
  pages     = {81-94},
  year      = {2021},
  publisher = {Springer},
  doi       = {10.1007/s11340-020-00644-y}
}

@article{liu2019,
  title     = {Identification of in vivo nonlinear anisotropic mechanical properties of ascending thoracic aortic aneurysm from patient-specific CT scans},
  author    = {Liu, Minliang and Liang, Liang and Sulejmani, Fatiesa and Lou, Xiaoying and Iannucci, Glen and Chen, Edward and Leshnower, Bradley and Sun, Wei},
  journal   = {Sci. Rep.},
  volume    = {9},
  number    = {1},
  pages     = {1-13},
  year      = {2019},
  publisher = {Nature Publishing Group},
  doi       = {10.1038/s41598-019-49438-w}
}

@article{Stevens2003,
  author   = {Stevens, S.A. and Lakin, W.D. and Goetz, W.},
  title    = {A differentiable, periodic function for pulsatile cardiac output based on heart rate and stroke volume},
  year     = {2003},
  volume   = {182},
  number   = {2},
  pages    = {201-211},
  doi      = {10.1016/S0025-5564(02)00200-6},
  journal  = {Math. Biosci.}
}

@article{santis2011,
  title     = {Full-hexahedral structured meshing for image-based computational vascular modeling},
  author    = {Santis, Gianluca De and De Beule, Matthieu and Van Canneyt, Koen and Segers, Patrick and Verdonck, Pascal and Verhegghe, Benedict},
  journal   = {Med. Eng. Phys.},
  volume    = {33},
  number    = {10},
  pages     = {1318-1325},
  year      = {2011},
  publisher = {Elsevier},
  doi       = {10.1016/j.medengphy.2011.06.007}
}

@incollection{Boccadifuoco2020,
  title     = {Uncertainty quantification applied to hemodynamic simulations of thoracic aorta aneurysms: Sensitivity to inlet conditions},
  author    = {Boccadifuoco, Alessandro and Mariotti, Alessandro and Capellini, Katia and Celi, Simona and Salvetti, Maria Vittoria},
  booktitle = {Quantification of Uncertainty: Improving Efficiency and Technology},
  editor    = {Elia, M. and Gunzburger, M. and Rozza G.},
  pages     = {171-192},
  year      = {2020},
  doi       = {10.1007/978-3-030-48721-8_8},
  publisher = {Springer: Cham, Switzerland}
}

@inproceedings{Antonuccio2020,
  author    = {Antonuccio, M.N. and Mariotti, A. and Celi, S. and Salvetti, M.V.},
  title     = {Effects of the Distribution in Space of the Velocity-Inlet Condition in Hemodynamic Simulations of the Thoracic Aorta},
  year      = {6 May 2020},
  doi       = {10.1007/978-3-030-45385-5_6}
}
################################Chapter 3 Table2
################################Chapter 3 Table2
################################Chapter 3 Table2
@article{Brunet2021,
  author   = {Brunet, J. and Pierrat, B. and Badel, P.},
  title    = {A Parametric Study on Factors Influencing the Onset and Propagation of Aortic Dissection Using the Extended Finite Element Method},
  year     = {2021},
  volume   = {68},
  number   = {10},
  pages    = {2918--2929},
  journal  = {IEEE Trans. Biomed. Eng},
  doi      = {10.1109/TBME.2021.3056022}
}

@inproceedings{Totorean2021,
  author    = {Totorean, A.F. and Ioncica, M.C. and Ciocan, T. and Bernad, S.I. and Totorean, C.I. and Bernad, E.S.},
  title     = {Medical IMAGE-Based Numerical Simulation of the Abdominal Aorta Flow},
  year      = {14 October 2021},
  doi       = {10.1109/CIEM52821.2021.9614874},
  booktitle = {10th International Conference on Energy and Environment, Bucharest, Romania}
}

@article{Melka2020,
  author   = {Melka, B. and Adamczyk, W.P. and Rojczyk, M. and Nowak, M.L. and Gracka, M. and Nowak, A.J. and Golda, A. and Bialecki, R.A. and Ostrowski, Z.},
  title    = {Numerical investigation of multiphase blood flow coupled with lumped parameter model of outflow},
  year     = {2020},
  volume   = {30},
  number   = {1},
  pages    = {228-244},
  doi      = {10.1108/HFF-04-2019-0279},
  journal  = {Int. J. Numer. Methods Heat Fluid Flow}
  }

@article{Chen2019,
  author   = {Chen, Y. and Luo, H.},
  title    = {Pressure distribution over the leaflets and effect of bending stiffness on fluid-structure interaction of the aortic valve},
  year     = {2019},
  volume   = {883},
  doi      = {10.1017/jfm.2019.904},
  pages    = {1-29},
  journal  = {J. Fluid Mech.}
  }

@article{campobasso2018,
  title     = {Evaluation of peak wall stress in an ascending thoracic aortic aneurysm using {FSI} simulations: effects of aortic stiffness and peripheral resistance},
  author    = {Campobasso, Rossella and Condemi, Francesca and Viallon, Magalie and Croisille, Pierre and Campisi, Salvatore and Avril, St{\'e}phane},
  journal   = {Cardiovasc. Eng. Technol.},
  volume    = {9},
  number    = {4},
  pages     = {707-722},
  year      = {2018},
  publisher = {Springer},
  doi       = {10.1007/s13239-018-00385-z}
}

@article{yeh2018,
  title     = {Hemodynamic assessments of the ascending thoracic aortic aneurysm using fluid-structure interaction approach},
  author    = {Yeh, Han Hung and Rabkin, Simon W and Grecov, Dana},
  journal   = {Med. Biol. Eng. Comput.},
  volume    = {56},
  number    = {3},
  pages     = {435-451},
  year      = {2018},
  publisher = {Springer},
  doi       = {10.1007/s11517-017-1693-z}
}

@article{Garcia2017,
  author   = {García–Herrera, C.M. and Celentano, D.J. and Herrera, E.A.},
  title    = {Modelling and numerical simulation of the in vivo mechanical response of the ascending aortic aneurysm in Marfan syndrome},
  year     = {2017},
  volume   = {55},
  number   = {3},
  pages    = {419-428},
  doi      = {10.1007/s11517-016-1524-7},
  journal  = {Med. Biol. Eng. Comput.}
  }

@inproceedings{Jalalahmadi2017,
  author     = {Jalalahmadi, G. and Linte, C. and Helguera, M.},
  title      = {A numerical framework for studying the biomechanical behavior of abdominal aortic aneurysm},
  year       = {12 February 2017},
  volume     = {10137},
  doi        = {10.1117/12.2254528}
}

@article{long2017,
  title     = {Pulsatile hemodynamics in patient-specific thoracic aortic dissection models constructed from computed tomography angiography},
  author    = {Long Ko, Jacky Ka and Liu, Ryan Wen and Ma, Diya and Shi, Lin and Ho Yu, Simon Chun and Wang, Defeng},
  journal   = {J. X-Ray Sci. Technol.},
  volume    = {25},
  number    = {2},
  pages     = {233-245},
  year      = {2017},
  publisher = {IOS Press},
  doi       = {10.3233/XST-17256}
}

@inproceedings{Seta2017,
  author    = {Šeta, B. and Torlak, M. and Vila, A.},
  title     = {Numerical simulation of blood flow through the aortic arch},
  year      = {16 March 2017},
  volume    = {62},
  pages     = {259-268},
  doi       = {10.1007/978-981-10-4166-2_39}
}

@article{Shi2016,
  author   = {Shi, Y. and Zhu, M. and Chang, Y. and Qiao, H. and Liu, Y.},
  title    = {The risk of stanford type-A aortic dissection with different tear size and location: A numerical study},
  year     = {2016},
  volume   = {15},
  doi      = {10.1186/s12938-016-0258-y},
  pages    = {531-544},
  journal  = {Biomed. Eng. Online}
}

@article{numata2016,
  title   = {Blood flow analysis of the aortic arch using computational fluid dynamics},
  author  = {Numata, Satoshi and Itatani, Keiichi and Kanda, Keiichi and Doi, Kiyoshi and Yamazaki, Sachiko and Morimoto, Kazuki and Manabe, Kaichiro and Ikemoto, Koki and Yaku, Hitoshi},
  journal = {Eur. J. Cardiothorac. Surg.},
  volume  = {49},
  number  = {6},
  pages   = {1578-1585},
  year    = {2016},
  doi     = {10.1093/ejcts/ezv459}
}

@article{Prahl2016,
  author   = {Prahl Wittberg, L. and van Wyk, S. and Fuchs, L. and Gutmark, E. and Backeljauw, P. and Gutmark-Little, I.},
  title    = {Effects of aortic irregularities on blood flow},
  year     = {2016},
  volume   = {15},
  number   = {2},
  pages    = {345-360},
  doi      = {10.1007/s10237-015-0692-y},
  journal  = {Biomech. Model. Mechanobiol.}
}

@article{ahmed2016,
  title     = {Computational study of anatomical risk factors in idealized models of type B aortic dissection},
  author    = {Ahmed, S Ben and Dillon-Murphy, D and Figueroa, CA},
  journal   = {Eur. J. Vasc. Endovasc. Surg.},
  volume    = {52},
  number    = {6},
  pages     = {736-745},
  year      = {2016},
  publisher = {Elsevier},
  doi       = {10.1016/j.ejvs.2016.07.025}
}

@article{chen2016,
  title={Editor's Choice--Fluid--Structure Interaction Simulations of Aortic Dissection with Bench Validation},
  author={Chen, HY and Peelukhana, SV and Berwick, ZC and Kratzberg, J and Krieger, JF and Roeder, B and Chambers, S and Kassab, GS},
  journal={Eur. J. Vasc. Endovasc. Surg.},
  volume={52},
  number={5},
  pages={589--595},
  year={2016},
  publisher={Elsevier},
  OPTdoi = {10.1016/j.ejvs.2016.07.006}
}

@article{callaghan2015,
  title={Thoracic aortic aneurysm: {4D} flow {MRI} and computational fluid dynamics model},
  author={Callaghan, FM and Karkouri, J and Broadhouse, Kathryn and Evin, M and Fletcher, DF and Grieve, SM and others},
  journal={Comput. Method. Biomech. Biomed. Engin.},
  volume={18},
  number={Suppl 1},
  pages={1894--1895},
  year={2015},
  OPTdoi={10.1080/10255842.2015.1069559}
}

@inproceedings{Chaudhari2015,
  author    = {Chaudhari, K. and Patel, H.},
  title     = {Hemodynamics numerical simulation of stenosis bifurcation},
  year      = {13 November 2015},
  volume    = {3-2015},
  doi       = {10.1115/IMECE2015-51072}
}


@article{Cong2015,
  author   = {Cong, Y. and Wang, L. and Liu, X.},
  title    = {A numerical study of fluid-structure coupled effect of abdominal aortic aneurysm},
  year     = {2015},
  volume   = {26},
  pages    = {S245-S255},
  doi      = {10.3233/BME-151311},
  journal  = {Bio-Med. Mater. Eng.}
}

@article{Moosavi2014,
  author   = {Moosavi, M.-H. and Fatouraee, N. and Katoozian, H. and Pashaei, A. and Camara, O. and Frangi, A.F.},
  title    = {Numerical simulation of blood flow in the left ventricle and aortic sinus using magnetic resonance imaging and computational fluid dynamics},
  year     = {2014},
  volume   = {17},
  number   = {7},
  pages    = {740-749},
  doi      = {10.1080/10255842.2012.715638},
  journal  = {Comput. Methods Biomech. Biomed. Eng.}
}

@inproceedings{Fukui2013,
  author    = {Fukui, T. and Morinishi, K.},
  title     = {Blood flow simulation in the aorta with aortic valves using the regularized lattice boltzmann method with LES model},
  year      = {10 April 2013},
  volume    = {129},
  pages     = {97-107},
  doi       = {10.2495/FSI130091}}

@article{Suito2013,
  author   = {Suito, H. and Ueda, T. and Sze, D.},
  title    = {Numerical simulation of blood flow in the thoracic aorta using a centerline-fitted finite difference approach},
  year     = {2013},
  volume   = {30},
  number   = {3},
  pages    = {701-710},
  doi      = {10.1007/s13160-013-0123-3}
}

@article{pasta2013,
  title     = {Difference in hemodynamic and wall stress of ascending thoracic aortic aneurysms with bicuspid and tricuspid aortic valve},
  author    = {Pasta, Salvatore and Rinaudo, Antonino and Luca, Angelo and Pilato, Michele and Scardulla, Cesare and Gleason, Thomas G and Vorp, David A},
  journal   = {J. Biomech.},
  volume    = {46},
  number    = {10},
  pages     = {1729-1738},
  year      = {2013},
  publisher = {Elsevier},
  doi       = {10.1016/j.jbiomech.2013.03.029}
}

@article{shang2013,
  title     = {Peak wall stress predicts expansion rate in descending thoracic aortic aneurysms},
  author    = {Shang, Eric K and Nathan, Derek P and Sprinkle, Shanna R and Vigmostad, Sarah C and Fairman, Ronald M and Bavaria, Joseph E and Gorman, Robert C and Gorman III, Joseph H and Chandran, Krishnan B and Jackson, Benjamin M},
  journal   = {Ann. Thorac. Surg.},
  volume    = {95},
  number    = {2},
  pages     = {593-598},
  year      = {2013},
  publisher = {Elsevier},
  doi       = {10.1016/j.athoracsur.2012.10.025}
}

@incollection{Molony2011,
  author    = {Molony, D.S. and Broderick, S. and Callanan, A. and McGloughlin, T.M. and Walsh, M.T.},
  title     = {Fluid–Structure Interaction in Healthy, Diseased and Endovascularly Treated Abdominal Aortic Aneurysms},
  booktitle = {Biomechanics and Mechanobiology of Aneurysms },
  editor    = {McGloughlin, T.},
  publisher = {Springer: Cham, Switzerland},
  year      = {2011},
  volume    = {7},
  pages     = {163-179},
  doi       = {10.1007/8415_2011_85},
}

@article{Alishahi2011,
  author   = {Alishahi, M. and Alishahi, M.M. and Emdad, H.},
  title    = {Numerical simulation of blood flow in a flexible stenosed abdominal real aorta},
  year     = {2011},
  volume   = {18},
  number   = {6},
  pages    = {1297-1305},
  doi      = {10.1016/j.scient.2011.11.021},
  journal  = {Sci. Iran.}
  }

@article{Lantz2011,
  author   = {Lantz, J. and Renner, J. and Karlsson, M.},
  title    = {Wall shear stress in a subject specific human aorta - Influence of fluid-structure interaction},
  year     = {2011},
  volume   = {3},
  number   = {4},
  pages    = {759-778},
  doi      = {10.1142/S1758825111001226},
  journal  = {Int. J. Appl. Mech.}
}

@article{cheng2010,
  title     = {Analysis of flow patterns in a patient-specific aortic dissection model},
  author    = {Cheng, Z and Tan, FPP and Riga, CV and Bicknell, CD and Hamady, MS and Gibbs, RGJ and Wood, NB and Xu, XY},
  journal   = {J. Biomech. Eng.},
  volume    = {132},
  year      = {2010},
  publisher = {ASME},
  doi       = {10.1115/1.4000964}
}

@article{Motamed2011,
  author   = {Keshavarz-Motamed, Z. and Kadem, L.},
  title    = {3D pulsatile flow in a curved tube with coexisting model of aortic stenosis and coarctation of the aorta},
  year     = {2011},
  volume   = {33},
  number   = {3},
  pages    = {315-324},
  doi      = {10.1016/j.medengphy.2010.10.017},
  journal  = {Med. Eng. Phys.}
}

@inproceedings{Gasser2009,
  author    = {Gasser, T.C. and Auer, M. and Biasetti, J.},
  title     = {Structural and hemodynamical analysis of aortic aneurysms from computerized tomography angiography data},
  year      = {7 September 2009},
  pages     = {1584-1587},
  doi       = {10.1007/978-3-642-03882-2_420}
}

@article{DelGaudio2006,
  author   = {Del Gaudio, C. and Morbiducci, U. and Grigioni, M.},
  title    = {Time dependent non-Newtonian numerical study of the flow field in a realistic model aortic arch},
  year     = {2006},
  volume   = {29},
  number   = {7},
  pages    = {709-718},
  doi      = {10.1177/039139880602900711},
  journal  = {Int. J. Artif. Organs}
}
@article{zhang2014,
  title={A pilot study exploring the mechanisms involved in the longitudinal propagation of acute aortic dissection through computational fluid dynamic analysis},
  author={Zhang, Yongxue and Lu, Qingsheng and Feng, Jiaxuan and Yu, Peng and Zhang, Suming and Teng, Zhongzhao and Gillard, Jonathan H and Song, Runze and Jing, Zaiping},
  journal={Cardiology},
  volume={128},
  number={2},
  pages={220--225},
  year={2014},
  publisher={Karger Publishers},
  doi={10.1159/000358041}
}

################################Chapter 3 Table3
################################Chapter 3 Table3
################################Chapter 3 Table3
################################Chapter 3 Table3
@article{Comunale2021,
  author     = {Comunale, G. and di Micco, L. and Boso, D.P. and Susin, F.M. and Peruzzo, P.},
  title      = {Numerical models can assist choice of an aortic phantom for in vitro testing},
  year       = {2021},
  volume     = {8},
  pages      = {1-14},
  number     = {8},
  journal    = {Bioengineering},
  doi        = {10.3390/bioengineering8080101}
}

@article{ban2021,
  title     = {Differential propensity of dissection along the aorta},
  author    = {Ban, Ehsan and Cavinato, Cristina and Humphrey, Jay D},
  journal   = {Biomech. Model. Mechanobiol.},
  volume    = {20},
  number    = {3},
  pages     = {895-907},
  year      = {2021},
  publisher = {Springer},
  doi       = {10.1007/s10237-021-01418-8}
}

@article{Wang2019,
  author     = {Wang, W. and Mao, B. and Li, B. and Zhao, X. and Xu, C. and Liu, Y. and Liu, J.},
  title      = {Numerical Simulation of Instantaneous Wave-Free Ratio of Stenosed Coronary Artery},
  year       = {2019},
  volume     = {16},
  pages      = {1-9},
  doi        = {10.1142/S0219876218420094},
  art_number = {1842009},
  journal    = {Int. J. Comput. Methods}
}

@article{maiti2020,
  title     = {Computational modeling of the strength of the ascending thoracic aortic media tissue under physiologic biaxial loading conditions},
  author    = {Maiti, Spandan and Thunes, James R and Fortunato, Ronald N and Gleason, Thomas G and Vorp, David A},
  journal   = {J. Biomech.},
  volume    = {108},
  pages     = {109884},
  year      = {2020},
  publisher = {Elsevier},
  doi       = {10.1016/j.jbiomech.2020.109884}
}

@article{farzaneh2019,
  title     = {Inverse identification of local stiffness across ascending thoracic aortic aneurysms},
  author    = {Farzaneh, Solmaz and Trabelsi, Olfa and Avril, St{\'e}phane},
  journal   = {Biomech. Model. Mechanobiol.},
  volume    = {18},
  number    = {1},
  pages     = {137-153},
  year      = {2019},
  publisher = {Springer},
  doi       = {10.1007/s10237-018-1073-0}
}

@article{gultekin2019,
  title     = {Computational modeling of progressive damage and rupture in fibrous biological tissues: application to aortic dissection},
  author    = {G{\"u}ltekin, Osman and Hager, Sandra Priska and Dal, H{\"u}sn{\"u} and Holzapfel, Gerhard A},
  journal   = {Biomech. Model. Mechanobiol.},
  volume    = {18},
  number    = {6},
  pages     = {1607-1628},
  year      = {2019},
  publisher = {Springer},
  doi       = {10.1007/s10237-019-01164-y}
}

@article{BenOrFrank2019,
  author   = {Ben-Or Frank, M. and Niestrawska, J.A. and Holzapfel, G.A. and deBotton, G.},
  title    = {Micromechanically-motivated analysis of fibrous tissue},
  year     = {2019},
  volume   = {96},
  pages    = {69-78},
  doi      = {10.1016/j.jmbbm.2019.04.007},
  journal  = {J. Mech. Behav. Biomed. Mater.}
}

@article{thunes2018,
  title     = {Structural modeling reveals microstructure-strength relationship for human ascending thoracic aorta},
  author    = {Thunes, James R and Phillippi, Julie A and Gleason, Thomas G and Vorp, David A and Maiti, Spandan},
  journal   = {J. Biomech.},
  volume    = {71},
  pages     = {84-93},
  year      = {2018},
  publisher = {Elsevier},
  doi       = {10.1016/j.jbiomech.2018.01.037}
}

@article{thunes2016,
  title     = {A structural finite element model for lamellar unit of aortic media indicates heterogeneous stress field after collagen recruitment},
  author    = {Thunes, James R and Pal, Siladitya and Fortunato, Ronald N and Phillippi, Julie A and Gleason, Thomas G and Vorp, David A and Maiti, Spandan},
  journal   = {J. Biomech.},
  volume    = {49},
  number    = {9},
  pages     = {1562-1569},
  year      = {2016},
  publisher = {Elsevier},
  doi       = {10.1016/j.jbiomech.2016.03.034}
}

@article{taghizadeh2015,
  title     = {Analysis of arterial wall remodeling in hypertension based on lamellar modeling},
  author    = {Taghizadeh, Hadi and Tafazzoli-Shadpour, Mohammad and Shadmehr, Mohammad B},
  journal   = {J. Am. Soc. Hypertens.},
  volume    = {9},
  number    = {9},
  pages     = {735-744},
  year      = {2015},
  publisher = {Elsevier},
  doi       = {10.1016/j.jash.2015.07.014}
}

@article{Cloonan2014,
  author   = {Cloonan, A.J. and Shahmirzadi, D. and Li, R.X. and Doyle, B.J. and Konofagou, E.E. and McGloughlin, T.M.},
  title    = {3D-printed tissue-mimicking phantoms for medical imaging and computational validation applications},
  year     = {2014},
  volume   = {1},
  number   = {1},
  pages    = {14-23},
  doi      = {10.1089/3dp.2013.0010},
  journal  = {3D Print. Addit. Manuf.}
}

@article{Yang2014,
  author   = {Yang, A.-S. and Wen, C.-Y. and Tseng, L.-Y. and Chiang, C.-C. and Tseng, W.-Y.I. and Yu, H.-Y.},
  title    = {An innovative numerical approach to resolve the pulse wave velocity in a healthy thoracic aorta model},
  year     = {2014},
  volume   = {17},
  number   = {5},
  pages    = {461-473},
  doi      = {10.1080/10255842.2012.691476},
  journal  = {Comput. Methods Biomech. Biomed. Eng.}
}

@article{azadani2012,
  title     = {Comparison of mechanical properties of human ascending aorta and aortic sinuses},
  author    = {Azadani, Ali N and Chitsaz, Sam and Matthews, Peter B and Jaussaud, Nicolas and Leung, James and Tsinman, Tonia and Ge, Liang and Tseng, Elaine E},
  journal   = {Ann. Thorac. Surg.},
  volume    = {93},
  number    = {1},
  pages     = {87-94},
  year      = {2012},
  publisher = {Elsevier},
  doi       = {110.1016/j.athoracsur.2011.08.002}
}

@article{Helderman2008,
  author   = {Helderman, F. and Manoch, I.J. and Breeuwer, M. and Kose, U. and Schouten, O. and Sambeek, M.R.M. and Poldermans, D. and Pattynama, P.T.M. and Wisselink, W. and Steen, A.F.W. and Krams, R.},
  title    = {A numerical model to predict abdominal aortic aneurysm expansion based on local wall stress and stiffness},
  year     = {2008},
  volume   = {46},
  number   = {11},
  pages    = {1121-1127},
  doi      = {10.1007/s11517-008-0358-3},
  journal  = {Med. Biol. Eng. Comput.}
}
################################Chapter 3 Table4
################################Chapter 3 Table4
################################Chapter 3 Table4
################################Chapter 3 Table4

@article{Badeli2021,
  author   = {Badeli, V. and Ranftl, S. and Melito, G.M. and Reinbacher-Köstinger, A. and Von Der Linden, W. and Ellermann, K. and Biro, O.},
  title    = {Bayesian inference of multi-sensors impedance cardiography for detection of aortic dissection},
  year     = {2021},
  volume   = {41},
  pages    = {824-839},
  doi      = {10.1108/COMPEL-03-2021-0072},
  journal  = {Int. J. Comput. Math. Electr. Electron. Eng.}
}

@article{liu2021,
  title     = {Computation of a probabilistic and anisotropic failure metric on the aortic wall using a machine learning-based surrogate model},
  author    = {Liu, Minliang and Liang, Liang and Ismail, Yasmeen and Dong, Hai and Lou, Xiaoying and Iannucci, Glen and Chen, Edward P and Leshnower, Bradley G and Elefteriades, John A and Sun, Wei},
  journal   = {Comput. Biol. Med.},
  volume    = {137},
  pages     = {104794},
  year      = {2021},
  publisher = {Elsevier},
  doi       = {10.1016/j.compbiomed.2021.104794}
}

@article{pasta2020,
  title     = {Shear stress and aortic strain associations with biomarkers of ascending thoracic aortic aneurysm},
  author    = {Pasta, Salvatore and Agnese, Valentina and Gallo, Alessia and Cosentino, Federica and Di Giuseppe, Marzio and Gentile, Giovanni and Raffa, Giuseppe M and Maalouf, Joseph F and Michelena, Hector I and Bellavia, Diego and others},
  journal   = {Ann. Thorac. Surg.},
  volume    = {110},
  number    = {5},
  pages     = {1595-1604},
  year      = {2020},
  publisher = {Elsevier},
  doi       = {10.1016/j.athoracsur.2020.03.017}
}

@article{Bauer2019,
  author     = {Bauer, A. and Wegt, S. and Bopp, M. and Jakirlic, S. and Tropea, C. and Krafft, A.J. and Shokina, N. and Hennig, J. and Teschner, G. and Egger, H.},
  title      = {Comparison of wall shear stress estimates obtained by laser Doppler velocimetry, magnetic resonance imaging and numerical simulations},
  year       = {2019},
  volume     = {60},
  pages      = {1-16},
  doi        = {10.1007/s00348-019-2758-6},
  art_number = {112},
  journal    = {Exp. Fluids}
}

@inproceedings{Bopp2019,
  author    = {Bopp, M. and Bauer, A. and Wegt, S. and Jakirlic, S. and Tropea, C. and Krafft, A. and Shokina, N. and Hennig, J.},
  title     = {A computational and experimental study of physiological pulsatile flow in an aortic aneurysm},
  year      = {30 July 2019},
  booktitle = {11th International Symposium on Turbulence and Shear Flow Phenomena, Southampton, United Kingdom}
}

@inproceedings{Kizilova2018,
  author     = {Kizilova, N. and Mizerski, J.},
  title      = {Validation of numerical models for flow simulation and wave propagation a human aorta},
  year       = {9 September 2018},
  volume     = {1101},
  doi        = {10.1088/1742-6596/1101/1/012014},
  journal    = {J. Phys. Conf. Ser.}
}

@article{Zhu2018,
  author   = {Zhu, C. and Seo, J.-H. and Mittal, R.},
  title    = {Computational modelling and analysis of haemodynamics in a simple model of aortic stenosis},
  year     = {2018},
  volume   = {851},
  pages    = {23-49},
  doi      = {10.1017/jfm.2018.463},
  journal  = {J. Fluid Mech.}
}

@article{sotelo2018,
  title     = {{3D} axial and circumferential wall shear stress from {4D} flow {MRI} data using a finite element method and a laplacian approach},
  author    = {Sotelo, Julio and Dux-Santoy, Lydia and Guala, Andrea and Rodr{\'\i}guez-Palomares, Jos{\'e} and Evangelista, Arturo and Sing-Long, Carlos and Urbina, Jes{\'u}s and Mura, Joaqu{\'\i}n and Hurtado, Daniel E and Uribe, Sergio},
  journal   = {Magn. Reson. Med.},
  volume    = {79},
  number    = {5},
  pages     = {2816-2823},
  year      = {2018},
  publisher = {Wiley Online Library},
  doi       = {10.1002/mrm.26927}
}

@article{condemi2017,
  title     = {Fluid-and biomechanical analysis of ascending thoracic aorta aneurysm with concomitant aortic insufficiency},
  author    = {Condemi, F and Campisi, S and Viallon, M and Troalen, T and Xuexin, G and Barker, AJ and Markl, M and Croisille, P and Trabelsi, O and Cavinato, C and others},
  journal   = {Ann. Biomed. Eng.},
  volume    = {45},
  number    = {12},
  pages     = {2921-2932},
  year      = {2017},
  publisher = {Springer},
  doi       = {10.1007/s10439-017-1913-6}
}

@article{Sazonov2017,
  author   = {Sazonov, I. and Khir, A.W. and Hacham, W.S. and Boileau, E. and Carson, J.M. and van Loon, R. and Ferguson, C. and Nithiarasu, P.},
  title    = {A novel method for non-invasively detecting the severity and location of aortic aneurysms},
  year     = {2017},
  volume   = {16},
  number   = {4},
  pages    = {1225-1242},
  doi      = {10.1007/s10237-017-0884-8},
  journal  = {Biomech. Model. Mechanobiol.}
}

@article{pasta2017,
  title     = {In silico shear and intramural stresses are linked to aortic valve morphology in dilated ascending aorta},
  author    = {Pasta, S and Gentile, G and Raffa, GM and Bellavia, D and Chiarello, G and Liotta, R and Luca, A and Scardulla, C and Pilato, M},
  journal   = {Eur. J. Vasc. Endovasc. Surg.},
  volume    = {54},
  number    = {2},
  pages     = {254-263},
  year      = {2017},
  publisher = {Elsevier},
  doi       = {10.1016/j.ejvs.2017.05.016}
}

@article{Mohammadi2015,
  author   = {Mohammadi, H. and Cartier, R. and Mongrain, R.},
  title    = {Derivation of a simplified relation for assessing aortic root pressure drop incorporating wall compliance},
  year     = {2015},
  volume   = {53},
  number   = {3},
  pages    = {241-251},
  doi      = {10.1007/s11517-014-1228-9},
  journal  = {Med. Biol. Eng. Comput.}
}

@article{sotelo2015,
  title     = {Quantification of wall shear stress using a finite-element method in multidimensional phase-contrast MR data of the thoracic aorta},
  author    = {Sotelo, Julio and Urbina, Jesus and Valverde, Israel and Tejos, Cristian and Irarrazaval, Pablo and Hurtado, Daniel E and Uribe, Sergio},
  journal   = {J. Biomech.},
  volume    = {48},
  number    = {10},
  pages     = {1817-1827},
  year      = {2015},
  publisher = {Elsevier},
  doi       = {10.1016/j.jbiomech.2015.04.038}
}

@article{Babbs2014,
  author     = {Babbs, C.F.},
  title      = {Noninvasive measurement of cardiac stroke volume using pulse wave velocity and aortic dimensions: A simulation study},
  year       = {2014},
  volume     = {13},
  pages      = {1-25},
  doi        = {10.1186/1475-925X-13-137},
  art_number = {137},
  journal    = {Biomed. Eng. Online}
}

@article{Doyle2009,
  author   = {Doyle, B.J. and Corbett, T.J. and Callanan, A. and Walsh, M.T. and Vorp, D.A. and McGloughlin, T.M.},
  title    = {An experimental and numerical comparison of the rupture locations of an abdominal aortic aneurysm},
  year     = {2009},
  volume   = {16},
  number   = {3},
  pages    = {322-335},
  doi      = {10.1583/09-2697.1},
  journal  = {J. Endovasc. Ther.}
}

################################Chapter 3 Table5
################################Chapter 3 Table5
################################Chapter 3 Table5
################################Chapter 3 Table5
@article{valente2022,
  title     = {Fluid-Structure Interaction Modeling of Ascending Thoracic Aortic Aneurysms in SimVascular},
  author    = {Valente, Rodrigo and Mourato, Andr{\'e} and Brito, Mois{\'e}s and Xavier, Jos{\'e} and Tom{\'a}s, Ant{\'o}nio and Avril, St{\'e}phane},
  journal   = {Biomechanics},
  volume    = {2},
  number    = {2},
  pages     = {189-204},
  year      = {2022},
  publisher = {Multidisciplinary Digital Publishing Institute},
  doi       = {10.3390/biomechanics2020016}
}

@article{Mariotti2021,
  author     = {Mariotti, A. and Boccadifuoco, A. and Celi, S. and Salvetti, M.V.},
  title      = {Hemodynamics and stresses in numerical simulations of the thoracic aorta: Stochastic sensitivity analysis to inlet flow-rate waveform},
  year       = {2021},
  volume     = {230},
  pages      = {173-182},
  journal    = {Comput. Fluids},
  doi        = {10.1016/j.compfluid.2021.105123},
  art_number = {105123}
  }

@inproceedings{mourato2021,
  title     = {On the RANS modelling of the patient-specific thoracic aortic aneurysm},
  author    = {Mourato, A and Brito, M and Xavier, J and Gil, L and Tom{\'a}s, A},
  pages     = {98-102},
  year      = {19-20 February 2021},
  publisher = {CRC Press},
  isbn      = {978-1-032-10806-3},
  booktitle = {9th Portuguese Congress on Biomechanics, Biomechanics, Porto, Portugal}
}

@article{Baumler2020,
  author   = {Bäumler, K. and Vedula, V. and Sailer, A.M. and Seo, J. and Chiu, P. and Mistelbauer, G. and Chan, F.P. and Fischbein, M.P. and Marsden, A.L. and Fleischmann, D.},
  title    = {Fluid–structure interaction simulations of patient-specific aortic dissection},
  year     = {2020},
  volume   = {19},
  number   = {5},
  pages    = {1607-1628},
  doi      = {10.1007/s10237-020-01294-8},
  journal  = {Biomech. Model. Mechanobiol.}
}

@article{Hackstein2020,
  author     = {Hackstein, U. and Krickl, S. and Bernhard, S.},
  title      = {Estimation of {ARMA}-model parameters to describe pathological conditions in cardiovascular system models},
  year       = {2020},
  volume     = {18},
  pages      = {1-8},
  doi        = {10.1016/j.imu.2020.100310},
  art_number = {100310},
  journal    = {Inf. Med. Unlocked}
}

@article{biancolini2020,
  title     = {Fast interactive CFD evaluation of hemodynamics assisted by RBF mesh morphing and reduced order models: the case of aTAA modelling},
  author    = {Biancolini, Marco Evangelos and Capellini, Katia and Costa, Emiliano and Groth, Corrado and Celi, Simona},
  journal   = {Int. J. Interact. Des. Manuf.},
  volume    = {14},
  number    = {4},
  pages     = {1227-1238},
  year      = {2020},
  publisher = {Springer},
  doi       = {10.1007/s12008-020-00694-5}
}

@article{deLucio2021,
  author   = {Lucio, M. and García, M. and García, J. and Rodríguez, L. and Marcos, F.},
  title    = {On the importance of tunica intima in the aging aorta: a three-layered in silico model for computing wall stresses in abdominal aortic aneurysms},
  year     = {2021},
  volume   = {24},
  number   = {5},
  pages    = {467-484},
  doi      = {10.1080/10255842.2020.1836167},
  journal  = {Comput. Methods Biomech. Biomed. Eng.}
}

@inproceedings{Silva2019,
  author     = {Silva, J.L. and Belinha, J. and Neves, J.M.P.R. and Vilaça, I.R.S.B.S. and Natal Jorge, R.M.},
  title      = {Numerical simulation of aneurysms with Finite Element and meshless methods},
  year       = {23 February 2019},
  doi        = {10.1109/ENBENG.2019.8692459}
}

@article{Nowak2019,
  author   = {Nowak, M. and Melka, B. and Rojczyk, M. and Gracka, M. and Nowak, A.J. and Golda, A. and Adamczyk, W.P. and Isaac, B. and Białecki, R.A. and Ostrowski, Z.},
  title    = {The protocol for using elastic wall model in modeling blood flow within human artery},
  year     = {2019},
  volume   = {77},
  pages    = {273-280},
  doi      = {10.1016/j.euromechflu.2019.03.009},
  journal  = {Eur. J. Mech. B. Fluids}
}

@inproceedings{Arico2018,
  author     = {Arico, C. and Alotta, G. and Zingales, M. and Napoli, E. and Monteleone, A. and Nagy, R.},
  title      = {Numerical Simulations of the Hydrodynamics of the Abdominal Aorta Aneurysm (AAA) Using a Smoothed Particle Hydrodynamics Code with Deformable Wall Preliminary Results},
  year       = {10 September 2018},
  doi        = {10.1109/RTSI.2018.8548389},
  booktitle  = {4th IEEE International Forum on Research and Technologies for Society and Industry, Palermo, Italy}
}

@article{DeNisco2018,
  author   = {Nisco, G. De and Zhang, P. and Calò, K. and Liu, X. and Ponzini, R. and Bignardi, C. and Rizzo, G. and Deng, X. and Gallo, D. and Morbiducci, U.},
  title    = {What is needed to make low-density lipoprotein transport in human aorta computational models suitable to explore links to atherosclerosis? Impact of initial and inflow boundary conditions},
  year     = {2018},
  volume   = {68},
  pages    = {33-42},
  doi      = {10.1016/j.jbiomech.2017.12.009},
  journal  = {J. Biomech.}
}

@article{Arico2020,
  author     = {Aricò, C. and Sinagra, M. and Nagy, R. and Napoli, E. and Tucciarelli, T.},
  title      = {Investigation of the hemodynamic flow conditions and blood-induced stresses inside an abdominal aortic aneurysm by means of a SPH numerical model},
  year       = {2020},
  volume     = {36},
  pages      = {1-6},
  doi        = {10.1002/cnm.3263},
  art_number = {e3263},
  journal    = {Int. J. Numer. Method. Biomed. Eng.}
}

@article{capellini2018,
  title     = {Computational fluid dynamic study for aTAA hemodynamics: an integrated image-based and radial basis functions mesh morphing approach},
  author    = {Capellini, Katia and Vignali, Emanuele and Costa, Emiliano and Gasparotti, Emanuele and Biancolini, Marco Evangelos and Landini, Luigi and Positano, Vincenzo and Celi, Simona},
  journal   = {J. Biomech. Eng.},
  volume    = {140},
  pages     = {1-10},
  number    = {11},
  year      = {2018},
  publisher = {American Society of Mechanical Engineers Digital Collection},
  doi       = {10.1115/1.4040940}
}

@article{Attaran2018,
  author   = {Attaran, S.H. and Niroomand-oscuii, H. and Ghalichi, F.},
  title    = {A novel, simple {3D/2D} outflow boundary model for blood flow simulations in compliant arteries},
  year     = {2018},
  volume   = {174},
  pages    = {229-240},
  doi      = {10.1016/j.compfluid.2018.08.006},
  journal  = {Comput. Fluids}
}

@article{Koltukluoglu2018,
  author   = {Koltukluoǧlu, T.S. and Blanco, P.J.},
  title    = {Boundary control in computational haemodynamics},
  year     = {2018},
  volume   = {847},
  pages    = {329-364},
  doi      = {10.1017/jfm.2018.329},
  journal  = {J. Fluid Mech.}
}

@article{mendez2018,
  title     = {Comparison of hemodynamic and structural indices of ascending thoracic aortic aneurysm as predicted by 2-way {FSI, CFD} rigid wall simulation and patient-specific displacement-based {FEA}},
  author    = {Mendez, Vincent and Di Giuseppe, Marzio and Pasta, Salvatore},
  journal   = {Comput. Biol. Med.},
  volume    = {100},
  pages     = {221-229},
  year      = {2018},
  publisher = {Elsevier},
  doi       = {10.1016/j.compbiomed.2018.07.013}
}

@article{febina2018,
  title     = {Wall shear stress estimation of thoracic aortic aneurysm using computational fluid dynamics},
  author    = {Febina, J and Sikkandar, Mohamed Yacin and Sudharsan, NM},
  journal   = {Comput. Math. Methods Med.},
  volume    = {2018},
  year      = {2018},
  publisher = {Hindawi},
  doi       = {10.1155/2018/7126532}
}

@article{liang2018,
  title     = {A machine learning approach as a surrogate of finite element analysis-based inverse method to estimate the zero-pressure geometry of human thoracic aorta},
  author    = {Liang, Liang and Liu, Minliang and Martin, Caitlin and Sun, Wei},
  journal   = {Int. J. Numer. Method. Biomed. Eng.},
  volume    = {34},
  number    = {8},
  pages     = {e3103},
  year      = {2018},
  publisher = {Wiley Online Library},
  doi       = {10.1002/cnm.3103}
}

@incollection{Wolanski2017,
  author    = {Wolański, W. and Gzik-Zroska, B. and Joszko, K. and Gzik, M. and Sołtan, D.},
  title     = {Numerical analysis of blood flow through artery with elastic wall of a vessel},
  booktitle = {Innovations in Biomedical Engineering},
  editor    = {Gzik, M. and Tkacz, E. and Paszenda, Z. and Pietka, E.},
  year      = {2017},
  volume    = {526},
  pages     = {193-200},
  doi       = {10.1007/978-3-319-47154-9_23},
  publisher = {Springer: Cham, Switzerland}
}

@article{Bols2016,
  author   = {Bols, J. and Taelman, L. and De Santis, G. and Degroote, J. and Verhegghe, B. and Segers, P. and Vierendeels, J.},
  title    = {Unstructured hexahedral mesh generation of complex vascular trees using a multi-block grid-based approach},
  year     = {2016},
  volume   = {19},
  number   = {6},
  pages    = {663-672},
  doi      = {10.1080/10255842.2015.1058925},
  journal  = {Comput. Methods Biomech. Biomed. Eng.}
}

@article{alimohammadi2015,
  title     = {Aortic dissection simulation models for clinical support: fluid-structure interaction vs. rigid wall models},
  author    = {Alimohammadi, Mona and Sherwood, Joseph M and Karimpour, Morad and Agu, Obiekezie and Balabani, Stavroula and D{\'\i}az-Zuccarini, Vanessa},
  journal   = {Biomed. Eng. Online},
  volume    = {14},
  number    = {1},
  pages     = {1-16},
  year      = {2015},
  publisher = {Springer},
  doi       = {10.1186/s12938-015-0032-6}
}

@article{Taelman2014,
  author   = {Taelman, L. and Degroote, J. and Swillens, A. and Vierendeels, J. and Segers, P.},
  title    = {Fluid-structure interaction simulation of pulse propagation in arteries: Numerical pitfalls and hemodynamic impact of a local stiffening},
  year     = {2014},
  volume   = {77},
  pages    = {1-13},
  doi      = {10.1016/j.ijengsci.2013.12.002},
  journal  = {Int. J. Eng. Sci.}
}

@inproceedings{Chen2014,
  author    = {Chen, W.X. and Chan, L. and Hutchins, N. and Poon, E.K.W. and Ooi, A.},
  title     = {Direct numerical simulation of pulsatile flow in pipes},
  year      = {8 December 2014},
  booktitle = {19th Australasian Fluid Mechanics Conference, Melbourne, Australia}
}

@article{Bollache2013,
  author   = {Bollache, E. and Kachenoura, N. and Frouin, F. and Redheuil, A. and Mousseaux, E. and Lucor, D.},
  title    = {Numerical modeling of arterial pulse wave propagation to characterize aortic hemodynamic: Validation using magnetic resonance data},
  year     = {2013},
  volume   = {34},
  number   = {1},
  pages    = {86-89},
  doi      = {10.1016/j.irbm.2012.12.008},
  journal  = {Innovation Res. Biomed. Eng.}
}

@article{Bollache2014,
  author   = {Bollache, E. and Kachenoura, N. and Redheuil, A. and Frouin, F. and Mousseaux, E. and Recho, P. and Lucor, D.},
  title    = {Descending aorta subject-specific one-dimensional model validated against in vivo data},
  year     = {2014},
  volume   = {47},
  number   = {2},
  pages    = {424-431},
  doi      = {10.1016/j.jbiomech.2013.11.009},
  journal  = {J. Biomech.}
}

@article{Lantz2013,
  author   = {Lantz, J. and Ebbers, T. and Engvall, J. and Karlsson, M.},
  title    = {Numerical and experimental assessment of turbulent kinetic energy in an aortic coarctation},
  year     = {2013},
  volume   = {46},
  number   = {11},
  pages    = {1851-1858},
  doi      = {10.1016/j.jbiomech.2013.04.028},
  journal  = {J. Biomech.}
}

@article{Aboelkassem2015,
  author   = {Aboelkassem, Y. and Savic, D. and Campbell, S.G.},
  title    = {Mathematical modeling of aortic valve dynamics during systole},
  year     = {2015},
  volume   = {365},
  pages    = {280-288},
  doi      = {10.1016/j.jtbi.2014.10.027},
  journal  = {J. Theor. Biol.}
}

@article{Marom2013,
  author   = {Marom, G. and Kim, H.-S. and Rosenfeld, M. and Raanani, E. and Haj-Ali, R.},
  title    = {Fully coupled fluid-structure interaction model of congenital bicuspid aortic valves: Effect of asymmetry on hemodynamics},
  year     = {2013},
  volume   = {51},
  number   = {8},
  pages    = {839-848},
  doi      = {10.1007/s11517-013-1055-4},
  journal  = {Med. Biol. Eng. Comput.}
}

@article{Marom2012,
  author   = {Marom, G. and Haj-Ali, R. and Raanani, E. and Schäfers, H.-J. and Rosenfeld, M.},
  title    = {A fluid-structure interaction model of the aortic valve with coaptation and compliant aortic root},
  year     = {2012},
  volume   = {50},
  number   = {2},
  pages    = {173-182},
  doi      = {10.1007/s11517-011-0849-5},
  journal  = {Med. Biol. Eng. Comput.}
}

@article{Doyle2013,
  author   = {Doyle, B.J. and Callanan, A. and Grace, P.A. and Kavanagh, E.G.},
  title    = {On the influence of patient-specific material properties in computational simulations: A case study of a large ruptured abdominal aortic aneurysm},
  year     = {2013},
  volume   = {29},
  number   = {2},
  pages    = {150-164},
  doi      = {10.1002/cnm.2515},
  journal  = {Int. J. Numer. Method. Biomed. Eng.}
}

@inproceedings{He2009,
  author     = {He, F. and Li, X.-Y.},
  title      = {Selection of boundary conditions in numerical investigation of arterial flow},
  year       = {11 June 2009},
  doi        = {10.1109/ICBBE.2009.5163374},
  booktitle  = {3rd International Conference on Bioinformatics and Biomedical Engineering, Beijing, China}
}

@inproceedings{Salvucci2009,
  author     = {Salvucci, F.P. and Perazzo, C.A. and Barra, J.G. and Armentano, R.L.},
  title      = {Assessment of pulsatile wall shear stress in compliant arteries: Numerical model, validation and experimental data},
  year       = {2 September 2009},
  pages      = {2847-2850},
  doi        = {10.1109/IEMBS.2009.5333648},
  booktitle  = {31st Annual International Conference of the IEEE Engineering in Medicine and Biology Society: Engineering the Future of Biomedicine, Minneapolis, United States}
}

@article{Carneiro2008,
  author   = {Carneiro, F. and Ribeiro, V.G. and Teixeira, J.C.F. and Teixeira, S.F.C.F.},
  title    = {Numerical study of blood fluid rheology in the abdominal aorta},
  year     = {2008},
  volume   = {114},
  pages    = {169-178},
  doi      = {10.2495/DN080181},
  journal  = {WIT Trans. Ecol. Environ.}
}

@article{Matthys2007,
  author   = {Matthys, K.S. and Alastruey, J. and Peiró, J. and Khir, A.W. and Segers, P. and Verdonck, P.R. and Parker, K.H. and Sherwin, S.J.},
  title    = {Pulse wave propagation in a model human arterial network: Assessment of 1-D numerical simulations against in vitro measurements},
  year     = {2007},
  volume   = {40},
  number   = {15},
  pages    = {3476-3486},
  doi      = {10.1016/j.jbiomech.2007.05.027},
  journal  = {J. Biomech.}
}

@article{Khanafer2007,
  author   = {Khanafer, K.M. and Bull, J.L. and Upchurch Jr., G.R. and Berguer, R.},
  title    = {Turbulence Significantly Increases Pressure and Fluid Shear Stress in an Aortic Aneurysm Model under Resting and Exercise Flow Conditions},
  year     = {2007},
  volume   = {21},
  number   = {1},
  pages    = {67-74},
  doi      = {10.1016/j.avsg.2006.10.009},
  journal  = {Ann. Vasc. Surg.}
}

@article{Berguer2006,
  author   = {Berguer, R. and Bull, J.L. and Khanafer, K.},
  title    = {Refinements in mathematical models to predict aneurysm growth and rupture},
  year     = {2006},
  volume   = {1085},
  pages    = {110-116},
  doi      = {10.1196/annals.1383.033},
  journal  = {Ann. N. Y. Acad. Sci.}
}

@article{Geertsema1997,
  author   = {Geertsema, A.A. and Rakhorst, G. and Mihaylov, D. and Blanksma, P.K. and Verkerke, G.J.},
  title    = {Development of a numerical simulation model of the cardiovascular system},
  year     = {1997},
  volume   = {21},
  number   = {12},
  pages    = {1297-1301},
  doi      = {10.1111/j.1525-1594.1997.tb00492.x},
  journal  = {Artif. Organs}
}

@inproceedings{Owen1992,
  author    = {Owen, A.},
  title     = {A numerical model of the aorta and aortic valve},
  year      = {23 September 1992},
  pages     = {649-652},
  booktitle = {18th Annual Conference on Computers in Cardiology, Venice, Italy}
}

%%%%% PRestress VS ZPG%%%%%%%%%%%%%%%%%%%%%%%%%%%%%%%%%%%%%%%%%
%%%%% PRestress VS ZPG%%%%%%%%%%%%%%%%%%%%%%%%%%%%%%%%%%%%%%%%%
%%%%% PRestress VS ZPG%%%%%%%%%%%%%%%%%%%%%%%%%%%%%%%%%%%%%%%%%
%%%%% PRestress VS ZPG%%%%%%%%%%%%%%%%%%%%%%%%%%%%%%%%%%%%%%%%%
@article{sasaki2019,
  title={Medical-image-based aorta modeling with zero-stress-state estimation},
  author={Sasaki, Takafumi and Takizawa, Kenji and Tezduyar, Tayfun E},
  journal={Comput. Mech.},
  volume={64},
  pages={249--271},
  year={2019},
  publisher={Springer},
  doi={10.1007/s00466-019-01669-4}
}

@Article{Parikh2023,
AUTHOR = {Parikh, Shaiv and Moerman, Kevin M. and Ramaekers, Mitch J. F. G. and Schalla, Simon and Bidar, Elham and Delhaas, Tammo and Reesink, Koen and Huberts, Wouter},
TITLE = {Biomechanical Characterisation of Thoracic Ascending Aorta with Preserved Pre-Stresses},
JOURNAL = {Bioengineering},
VOLUME = {10},
YEAR = {2023},
NUMBER = {7},
ARTICLE-NUMBER = {846},
doi = {10.3390/bioengineering10070846}
}

@ARTICLE{vignali2021,
AUTHOR={Vignali, Emanuele  and Gasparotti, Emanuele  and Celi, Simona  and Avril, Stéphane },
TITLE={Fully-Coupled {FSI} Computational Analyses in the Ascending Thoracic Aorta Using Patient-Specific Conditions and Anisotropic Material Properties},
JOURNAL={Front. Physiol.},
VOLUME={12},
YEAR={2021},
URL={https://www.frontiersin.org/journals/physiology/articles/10.3389/fphys.2021.732561},
DOI={10.3389/fphys.2021.732561},
ISSN={1664-042X}
}

@article{Elefteriades2010,
author = {John A. Elefteriades  and Emily A. Farkas },
title = {Thoracic Aortic Aneurysm},
journal = {J. Am. Coll. Cardiol.},
volume = {55},
number = {9},
pages = {841-857},
year = {2010},
doi = {10.1016/j.jacc.2009.08.084}
}

@article{jinlin2023,
    author = {Wu, Jinlin and Zafar, Mohammad A and Liu, Yiwei and Chen, Julia Fayanne and Li, Yupeng and Ziganshin, Bulat A and Ellauzi, Hesham and Mukherjee, Sandip K and Rizzo, John A and Elefteriades, John A},
    title = {Fate of the unoperated ascending thoracic aortic aneurysm: three-decade experience from the Aortic Institute at {Y}ale {U}niversity},
    journal = {Eur. Heart J.},
    volume = {44},
    number = {43},
    pages = {4579-4588},
    year = {2023},
    month = {03},
    issn = {0195-668X},
    doi = {10.1093/eurheartj/ehad148}
}

@article{deNisco2020,
  title={Deciphering ascending thoracic aortic aneurysm hemodynamics in relation to biomechanical properties},
  author={De Nisco, Giuseppe and Tasso, Paola and Cal{\`o}, Karol and Mazzi, Valentina and Gallo, Diego and Condemi, Francesca and Farzaneh, Solmaz and Avril, St{\'e}phane and Morbiducci, Umberto},
  journal={Med. Eng. Phys.},
  month={August},
  volume={82},
  pages={119-129},
  year={2020},
  publisher={Elsevier},
  doi={10.1016/j.medengphy.2020.07.003}
}

@article{heAvril2021,
  title={Prediction of local strength of ascending thoracic aortic aneurysms},
  author={He, Xuehuan and Avril, Stephane and Lu, Jia},
  journal={J. Mech. Behav. Biomed. Mater.},
  volume={115},
  pages={104-284},
  month={March},
  year={2021},
  publisher={Elsevier}
}

@article{franzetti2022,
  title={Experimental evaluation of the patient-specific haemodynamics of an aortic dissection model using particle image velocimetry},
  author={Franzetti, Gaia and Bonfanti, Mirko and Homer-Vanniasinkam, Shervanthi and Diaz-Zuccarini, Vanessa and Balabani, Stavroula},
  journal={J. Biomech.},
  volume={134},
  pages={1-10},
  month={March},
  year={2022},
  publisher={Elsevier},
  doi={10.1016/j.jbiomech.2022.110963}
}

@Article{mourato2022,
AUTHOR = {Mourato, André and Valente, Rodrigo and Brito, Moisés and Xavier, José and Tomás, António and Avril, Stéphane and Sá, José and Fragata, José},
TITLE = {Computational modelling and simulation of fluid structure interaction in aortic aneurysms: a systematic review and discussion of the clinical potential},
JOURNAL = {Appl. Sci.},
VOLUME = {2},
month={August},
YEAR = {2022},
NUMBER = {2},
PAGES = {0--38204},
DOI = {10.3390/app12168049}
}

@article{johnston2023,
  title={Inverse material parameter estimation of patient-specific finite element models at the carotid bifurcation: The impact of excluding the zero-pressure configuration and residual stress},
  author={Johnston, Robert D and Ghasemi, Milad and Lally, Caitr{\'\i}ona},
  journal={Int. J. Numer. Method. Biomed. Eng.},
  volume={39},
  number={1},
  month={April},
  pages={e3663},
  year={2022},
  publisher={Wiley Online Library},
  doi={10.1002/cnm.3663}
}

@article{raghavan2006,
  title={Non-invasive determination of zero-pressure geometry of arterial aneurysms},
  author={Raghavan, ML and Ma, Baoshun and Fillinger, Mark F},
  journal={Ann. Biomed. Eng.},
  volume={34},
  pages={1414--1419},
  month={July},
  year={2006},
  publisher={Springer},
  doi= {10.1002/cnm.3663}
}

@article{gee2010,
  title={A computational strategy for prestressing patient-specific biomechanical problems under finite deformation},
  author={Gee, Michael W and F{\"o}rster, Ch and Wall, WA},
  journal={Int. J. Numer. Method. Biomed. Eng.},
  volume={26},
  number={1},
  pages={52--72},
  month= {June},
  year={2010},
  publisher={Wiley Online Library},
  doi = {10.1002/cnm.1236}
}

@article{weisbecker2014,
  title={A generalized prestressing algorithm for finite element simulations of preloaded geometries with application to the aorta},
  author={Weisbecker, Hannah and Pierce, David M and Holzapfel, Gerhard A},
  journal={Int. J. Numer. Method. Biomed. Eng.},
  volume={30},
  number={9},
  pages={857-872},
  month= {March},
  year={2014},
  publisher={Wiley Online Library},
  doi={10.1002/cnm.2632}
}

@article{hsu2011,
	title        = {Blood vessel tissue prestress modeling for vascular fluid–structure interaction simulation},
	author       = {Hsu, Ming-Chen and Bazilevs, Yuri},
	volume       = 47,
	number       = 6,
	pages        = {593-599},
	doi          = {10.1016/j.finel.2010.12.015}
}

@article{updegrove2017,
  title={SimVascular: an open source pipeline for cardiovascular simulation},
  author={Updegrove, Adam and Wilson, Nathan M and Merkow, Jameson and Lan, Hongzhi and Marsden, Alison L and Shadden, Shawn C},
  journal={Ann. Biomed. Eng.},
  volume={45},
  pages={525-541},
  month={December},
  year={2017},
  publisher={Springer},
  doi={10.1007/s10439-016-1762-8}
}

@incollection{kikinis20133d,
  title={3{D} Slicer: a platform for subject-specific image analysis, visualization, and clinical support},
  author={Kikinis, Ron and Pieper, Steve D and Vosburgh, Kirby G},
  booktitle={Intraoperative imaging and image-guided therapy},
  pages={277--289},
  year={2013},
  publisher={Springer}
}

@article{wan2014,
  title={A perspective review on numerical simulations of hemodynamics in aortic dissection},
  author={Wan Ab Naim, Wan Naimah and Ganesan, Poo Balan and Sun, Zhonghua and Chee, Kok Han and Hashim, Shahrul Amry and Lim, Einly},
  journal={Sci. World J.},
  volume={2014},
  pages={1-13},
  month={August},
  year={2014},
  publisher={Hindawi},
  doi={10.1155/2014/652520}
}

@article{bazilevs2008,
  title={Isogeometric fluid-structure interaction: theory, algorithms, and computations},
  author={Bazilevs, Yuri and Calo, Victor M and Hughes, Thomas JR and Zhang, Yongjie},
  journal={Comput. Mech.},
  volume={43},
  number={1},
  pages={3-37},
  month={May},
  year={2008},
  publisher={Springer},
  doi={10.1007/s00466-008-0315-x}
}

@article{selmi2019,
  title={Numerical study of the blood flow in a deformable human aorta},
  author={Selmi, Marwa and Belmabrouk, Hafedh and Bajahzar, Abdullah},
  journal={Appl. Sci.},
  volume={9},
  number={6},
  pages={1216},
  month={February},
  year={2019},
  publisher={MDPI},
  doi={10.3390/app9061216}
}

@article{gasser2006,
  title={Hyperelastic modelling of arterial layers with distributed collagen fibre orientations},
  author={Gasser, T Christian and Ogden, Ray W and Holzapfel, Gerhard A},
  journal={J. R. Soc. Interface},
  volume={3},
  number={6},
  pages={15--35},
  month={September},
  year={2006},
  publisher={The Royal Society London},
  doi={10.1098/rsif.2005.0073}
}

@article{vignonClementel2006,
	title        = {Outflow boundary conditions for three-dimensional finite element modeling of blood flow and pressure in arteries},
	author       = {Vignon-Clementel, Irene E. and Alberto Figueroa, C. and Jansen, Kenneth E. and Taylor, Charles A.},
	volume       = 195,
	number       = 29,
	pages        = {3776-3796},
	doi          = {10.1016/j.cma.2005.04.014},
	journal= {Comput. Methods Appl. Mech. Eng.},
  month={June},
	year         = {2006}
  }

@article{sokolis2002assessment,
  title={Assessment of the aortic stress--strain relation in uniaxial tension},
  author={Sokolis, Dimitrios P and Boudoulas, Harisios and Karayannacos, Panayotis E},
  journal={J. Biomech.},
  volume={35},
  number={9},
  pages={1213--1223},
  month= {September},
  year={2002},
  publisher={Elsevier},
  doi= {10.1016/S0021-9290(02)00073-8}
}

@article{sokolis2007passive,
  title={Passive mechanical properties and structure of the aorta: segmental analysis},
  author={Sokolis, Dimitrios P},
  journal={Acta Physiol.},
  volume={190},
  number={4},
  pages={277--289},
  month= {January},
  year={2007},
  publisher={Wiley Online Library},
  doi= {10.1111/j.1748-1716.2006.01661.x}
}

@inproceedings{mourato2023,
  title={On the Importance of Modelling the Interplay Between the Blood Flow and the Aortic Wall in Ascending Thoracic Aortic Aneurysms},
  author={Mourato, Andr{\'e} and Valente, Rodrigo and Xavier, Jos{\'e} and Brito, Mois{\'e}s and Avril, St{\'e}phane and Tom{\'a}s, Ant{\'o}nio and Fragata, Jos{\'e}},
  booktitle={Congress of the Portuguese Society of Biomechanics},
  pages={233--243},
  year={2023},
  organization={Springer},
  doi={10.1007/978-3-031-47790-4_22}
}

%%%%% FSI Vs Others%%%%%%%%%%%%%%%%%%%%%%%%%%%%%%%%%%%%%%%%%
%%%%% FSI Vs Others%%%%%%%%%%%%%%%%%%%%%%%%%%%%%%%%%%%%%%%%%
%%%%% FSI Vs Others%%%%%%%%%%%%%%%%%%%%%%%%%%%%%%%%%%%%%%%%%
%%%%% FSI Vs Others%%%%%%%%%%%%%%%%%%%%%%%%%%%%%%%%%%%%%%%%%
@article{bonfanti2018,
  title={A simplified method to account for wall motion in patient-specific blood flow simulations of aortic dissection: Comparison with fluid-structure interaction},
  author={Bonfanti, Mirko and Balabani, Stavroula and Alimohammadi, Mona and Agu, Obiekezie and Homer-Vanniasinkam, Shervanthi and D{\'\i}az-Zuccarini, Vanessa},
  journal={Med. Eng. Phys.},
  volume={58},
  pages={72--79},
  year={2018},
  publisher={Elsevier},
  doi={10.1016/j.medengphy.2018.04.014}
}

@article{epstein2015,
  title={Reducing the number of parameters in 1D arterial blood flow modeling: less is more for patient-specific simulations},
  author={Epstein, Sally and Willemet, Marie and Chowienczyk, Phil J and Alastruey, Jordi},
  journal={American Journal of Physiology-Heart and Circulatory Physiology},
  volume={309},
  number={1},
  pages={H222--H234},
  year={2015},
  publisher={American Physiological Society Bethesda, MD},
  doi={10.1152/ajpheart.00857.2014}
}

@article{REYMOND2013784,
title = {Physiological simulation of blood flow in the aorta: Comparison of hemodynamic indices as predicted by{ 3-D FSI, 3-D} rigid wall and 1-{D} models},
journal = {Med. Eng. Phys.},
volume = {35},
number = {6},
pages = {784-791},
year = {2013},
issn = {1350-4533},
doi = {10.1016/j.medengphy.2012.08.009},
author = {Philippe Reymond and Paolo Crosetto and Simone Deparis and Alfio Quarteroni and Nikos Stergiopulos}
}

@article{valencia2013,
author = {Valencia, Alvaro and Burdiles, Patricio and Ignat, Miguel and Mura, Jorge and Bravo, Eduardo and Rivera, Rodrigo and Sordo, Juan},
title = {Fluid Structural Analysis of Human Cerebral Aneurysm Using Their Own Wall Mechanical Properties},
journal = {Comput. Math. Methods Med.},
volume = {2013},
number = {1},
pages = {293128},
doi = {10.1155/2013/293128},
year = {2013}
}

@article{GOUVEIAEMELO2022,
title = {Incidence and Prevalence of Thoracic Aortic Aneurysms: A Systematic Review and Meta-analysis of Population-Based Studies},
journal = {Seminars in Thoracic and Cardiovascular Surgery},
volume = {34},
number = {1},
pages = {1-16},
year = {2022},
issn = {1043-0679},
doi = {10.1053/j.semtcvs.2021.02.029},
author = {Ryan {Gouveia e Melo} and Gonçalo {Silva Duarte} and Alice Lopes and Mariana Alves and Daniel Caldeira and Ruy {Fernandes e Fernandes} and Luís {Mendes Pedro}},
keywords = {Thoracic aortic aneurysms, Prevalence, Incidence, Epidemiologic study, Meta-analysis}
}

@article{LAUKKA2019,
title = {Prevalence of thoracic aortic aneurysms and dilatations in patients with intracranial aneurysms},
journal = {Journal of Vascular Surgery},
volume = {70},
number = {6},
pages = {1801-1808},
year = {2019},
issn = {0741-5214},
doi = {10.1016/j.jvs.2019.01.066},
author = {Dan Laukka and Emily Pan and Terhi Fordell and Kemal Alpay and Melissa Rahi and Jussi Hirvonen and Jaakko Rinne and Jarmo Gunn},
keywords = {Thoracic aortic aneurysm, Thoracic aortic dilatation, Intracranial aneurysms, Rheumatic disease, Alcohol abuse}
}

@article{olsson2006,
author = {Christian Olsson  and Stefan Thelin  and Elisabeth Ståhle  and Anders Ekbom  and Fredrik Granath },
title = {Thoracic Aortic Aneurysm and Dissection},
journal = {Circulation},
volume = {114},
number = {24},
pages = {2611-2618},
year = {2006},
doi = {10.1161/CIRCULATIONAHA.106.630400}
}

@article{Ogara2003,
author = {Patrick T. O’Gara },
title = {Aortic Aneurysm},
journal = {Circulation},
volume = {107},
number = {6},
pages = {e43-e45},
year = {2003},
doi = {10.1161/01.CIR.0000054210.62588.ED}
}

@article{daugherty2002,
  title={Mechanisms of abdominal aortic aneurysm formation},
  author={Daugherty, Alan and Cassis, Lisa A},
  journal={Current atherosclerosis reports},
  volume={4},
  number={3},
  pages={222--227},
  year={2002},
  publisher={Springer},
  doi={10.1007/s11883-002-0023-5}
}

@article{KUZMIK2012565,
title = {Natural history of thoracic aortic aneurysms},
journal = {Journal of Vascular Surgery},
volume = {56},
number = {2},
pages = {565-571},
year = {2012},
issn = {0741-5214},
doi = {10.1016/j.jvs.2012.04.053},
author = {Gregory A. Kuzmik and Adam X. Sang and John A. Elefteriades}
}

@article{Golledge2023,
    author = {Golledge, Jonathan and Thanigaimani, Shivshankar and Powell, Janet T and Tsao, Phil S},
    title = {Pathogenesis and management of abdominal aortic aneurysm},
    journal = {European Heart Journal},
    volume = {44},
    number = {29},
    pages = {2682-2697},
    year = {2023},
    month = {06},
    issn = {0195-668X},
    doi = {10.1093/eurheartj/ehad386}
}

@article{Golledge2006,
author = {Jonathan Golledge  and Juanita Muller  and Alan Daugherty  and Paul Norman},
title = {Abdominal Aortic Aneurysm},
journal = {Arteriosclerosis, Thrombosis, and Vascular Biology},
volume = {26},
number = {12},
pages = {2605-2613},
year = {2006},
doi = {10.1161/01.ATV.0000245819.32762.cb}
}

@article{MARTUFI2016390,
title = {Is There a Role for Biomechanical Engineering in Helping to Elucidate the Risk Profile of the Thoracic Aorta?},
journal = {The Annals of Thoracic Surgery},
volume = {101},
number = {1},
pages = {390-398},
year = {2016},
issn = {0003-4975},
doi = {10.1016/j.athoracsur.2015.07.028},
author = {Giampaolo Martufi and Arianna Forneris and Jehangir J. Appoo and Elena S. {Di Martino}}
}

@ARTICLE{Pape20071120,
	author = {Pape, Linda A. and Tsai, Thomas T. and Isselbacher, Eric M. and Oh, Jae K. and O'Gara, Patrick T. and Evangelista, Arturo and Fattori, Rossella and Meinhardt, Gabriel and Trimarchi, Santi and Bossone, Eduardo and Suzuki, Toru and Cooper, Jeanna V. and Froehlich, James B. and Nienaber, Christoph A. and Eagle, Kim A.},
	title = {Aortic diameter > or = 5.5 cm is not a good predictor of type {A} aortic dissection: Observations from the International Registry of Acute Aortic Dissection {(IRAD)}},
	year = {2007},
	journal = {Circulation},
	volume = {116},
	number = {10},
	pages = {1120 – 1127},
	doi = {10.1161/CIRCULATIONAHA.107.702720},
	type = {Article},
	publication_stage = {Final},
	source = {Scopus}
}

@article{hoeijmakers2020,
  title={Combining statistical shape modeling, {CFD}, and meta-modeling to approximate the patient-specific pressure-drop across the aortic valve in real-time},
  author={Hoeijmakers, MJMM and Waechter-Stehle, I and Weese, J and Van de Vosse, FN},
  journal={International journal for numerical methods in biomedical engineering},
  volume={36},
  number={10},
  pages={e3387},
  year={2020},
  publisher={Wiley Online Library},
  doi={10.1002/cnm.3387}
}

@article{mousavi2019,
  title={Patient-specific predictions of aneurysm growth and remodeling in the ascending thoracic aorta using the homogenized constrained mixture model},
  author={Mousavi, S Jamaleddin and Farzaneh, Solmaz and Avril, St{\'e}phane},
  journal={Biomechanics and modeling in mechanobiology},
  volume={18},
  pages={1895--1913},
  year={2019},
  publisher={Springer},
  doi = {10.1007/s10237-019-01184-8}
}

@article{laubrie2022,
  title={About prestretch in homogenized constrained mixture models simulating growth and remodeling in patient-specific aortic geometries},
  author={Laubrie, Joan D and Mousavi, S Jamaleddin and Avril, St{\'e}phane},
  journal={Biomechanics and modeling in mechanobiology},
  volume={21},
  number={2},
  pages={455--469},
  year={2022},
  publisher={Springer},
  doi={10.1007/s10237-021-01544-3}
}

@ARTICLE{Ataollah2020,
AUTHOR={Ghavamian, Ataollah  and Mousavi, S. Jamaleddin  and Avril, Stéphane },
TITLE={Computational Study of Growth and Remodeling in Ascending Thoracic Aortic Aneurysms Considering Variations of Smooth Muscle Cell Basal Tone},
JOURNAL={Frontiers in Bioengineering and Biotechnology},
VOLUME={8},
YEAR={2020},
DOI={10.3389/fbioe.2020.587376}
}

@article{KROON2007775,
title = {A model for saccular cerebral aneurysm growth by collagen fibre remodelling},
journal = {Journal of Theoretical Biology},
volume = {247},
number = {4},
pages = {775-787},
year = {2007},
issn = {0022-5193},
doi = {10.1016/j.jtbi.2007.03.009},
author = {Martin Kroon and Gerhard A. Holzapfel}
}

@article{BONFANTI201872,
title = {A simplified method to account for wall motion in patient-specific blood flow simulations of aortic dissection: Comparison with fluid-structure interaction},
journal = {Medical Engineering \& Physics},
volume = {58},
pages = {72-79},
year = {2018},
issn = {1350-4533},
doi = {10.1016/j.medengphy.2018.04.014},
author = {Mirko Bonfanti and Stavroula Balabani and Mona Alimohammadi and Obiekezie Agu and Shervanthi Homer-Vanniasinkam and Vanessa Díaz-Zuccarini}
}

@article{soudah2014,
  title={A reduced-order model based on the coupled {1D-3D} finite element simulations for an efficient analysis of hemodynamics problems},
  author={Soudah, Eduardo and Rossi, Riccardo and Idelsohn, Sergio and O{\~n}ate, Eugenio},
  journal={Computational Mechanics},
  volume={54},
  pages={1013--1022},
  year={2014},
  publisher={Springer},
  doi={10.1007/s00466-014-1040-2}
}

@article{jin2021,
  title={Arterial pulse wave propagation across stenoses and aneurysms: assessment of one-dimensional simulations against three-dimensional simulations and in vitro measurements},
  author={Jin, Weiwei and Alastruey, Jordi},
  journal={Journal of the Royal Society Interface},
  volume={18},
  number={177},
  pages={20200881},
  year={2021},
  publisher={The Royal Society},
  doi={10.1098/rsif.2020.0881}
}

@article{HUGHES1973161,
title = {On the one-dimensional theory of blood flow in the larger vessels},
journal = {Mathematical Biosciences},
volume = {18},
number = {1},
pages = {161-170},
year = {1973},
issn = {0025-5564},
doi = {10.1016/0025-5564(73)90027-8},
author = {Thomas J.R. Hughes and J. Lubliner}
}

@article{Boussel2008,
author = {Loic Boussel  and Vitaliy Rayz  and Charles McCulloch  and Alastair Martin  and Gabriel Acevedo-Bolton  and Michael Lawton  and Randall Higashida  and Wade S. Smith  and William L. Young  and David Saloner },
title = {Aneurysm Growth Occurs at Region of Low Wall Shear Stress},
journal = {Stroke},
volume = {39},
number = {11},
pages = {2997-3002},
year = {2008},
doi = {10.1161/STROKEAHA.108.521617}
}

@article {Frosen2019,
author = {Juhana Frosen and Juan Cebral and Anne M. Robertson and Tomohiro Aoki},
title = {Flow-induced, inflammation-mediated arterial wall remodeling in the formation and progression of intracranial aneurysms},
journal = {Neurosurgical Focus FOC},
year = {2019},
publisher = {American Association of Neurological Surgeons},
volume = {47},
number = {1},
doi = {10.3171/2019.5.FOCUS19234}
}

@article{LIANG2020109544,
title = {A feasibility study of deep learning for predicting hemodynamics of human thoracic aorta},
journal = {Journal of Biomechanics},
volume = {99},
pages = {109544},
year = {2020},
issn = {0021-9290},
doi = {10.1016/j.jbiomech.2019.109544},
author = {Liang Liang and Wenbin Mao and Wei Sun}
}

@article{TANG2024107931,
title = {A predictive surrogate model for hemodynamics and structural prediction in abdominal aorta for different physiological conditions},
journal = {Computer Methods and Programs in Biomedicine},
volume = {243},
pages = {107931},
year = {2024},
issn = {0169-2607},
doi = {10.1016/j.cmpb.2023.107931},
author = {Xuan Tang and ChaoJie Wu}}

@article{LIU2021104794,
title = {Computation of a probabilistic and anisotropic failure metric on the aortic wall using a machine learning-based surrogate model},
journal = {Computers in Biology and Medicine},
volume = {137},
pages = {104794},
year = {2021},
issn = {0010-4825},
doi = {10.1016/j.compbiomed.2021.104794},
author = {Minliang Liu and Liang Liang and Yasmeen Ismail and Hai Dong and Xiaoying Lou and Glen Iannucci and Edward P. Chen and Bradley G. Leshnower and John A. Elefteriades and Wei Sun}
}
%%%%% AI + CSM %%%%%%%%%%%%%%%%%%%%%%%%%%%%%%%%%%%%%%%%%
%%%%% AI + CSM %%%%%%%%%%%%%%%%%%%%%%%%%%%%%%%%%%%%%%%%%
%%%%% AI + CSM %%%%%%%%%%%%%%%%%%%%%%%%%%%%%%%%%%%%%%%%%
%%%%% AI + CSM %%%%%%%%%%%%%%%%%%%%%%%%%%%%%%%%%%%%%%%%%

@article{alizadeh2020,
  title={Managing computational complexity using surrogate models: a critical review},
  author={Alizadeh, Reza and Allen, Janet K and Mistree, Farrokh},
  journal={Research in Engineering Design},
  volume={31},
  number={3},
  pages={275--298},
  year={2020},
  publisher={Springer},
  doi={10.1007/s00163-020-00336-7}
}

@article{donmazov2024,
  title={Review of machine learning techniques in soft tissue biomechanics and biomaterials},
  author={Donmazov, Samir and Saruhan, Eda Nur and Pekkan, Kerem and Piskin, Senol},
  journal={Cardiovascular Engineering and Technology},
  pages={1--28},
  year={2024},
  publisher={Springer},
  doi={10.1007/s13239-024-00737-y}
}

@ARTICLE{Su2017_ji,
  title     = "A Gaussian process-based dynamic surrogate model for complex
               engineering structural reliability analysis",
  author    = "Su, Guoshao and Peng, Lifeng and Hu, Lihua",
  journal   = "Struct. Saf.",
  publisher = "Elsevier BV",
  volume    =  68,
  pages     = "97--109",
  month     =  sep,
  year      =  2017,
  language  = "en",
  doi = {10.1016/j.strusafe.2017.06.003}
}

@ARTICLE{Saida2023_vm,
  title     = "Transfer learning Gaussian process regression surrogate model
               with explainability for structural reliability analysis under
               variation in uncertainties",
  author    = "Saida, Taisei and Nishio, Mayuko",
  journal   = "Comput. Struct.",
  publisher = "Elsevier BV",
  volume    =  281,
  number    =  107014,
  pages     = "107014",
  month     =  jun,
  year      =  2023,
  language  = "en",
  doi = {10.1016/j.compstruc.2023.107014}
}

@ARTICLE{Di_Achille2018_pn,
  title    = "Gaussian Process regressions for inverse problems and parameter
              searches in models of ventricular mechanics",
  author   = "Di Achille, Paolo and Harouni, Ahmed and Khamzin, Svyatoslav and
              Solovyova, Olga and Rice, John J and Gurev, Viatcheslav",
  journal  = "Front. Physiol.",
  volume   =  9,
  pages    = "1002",
  month    =  aug,
  year     =  2018,
  keywords = "FEM; LV mechanics; infarct model; inverse optimization; kriging;
              statistical learning; unloaded configuration",
  language = "en",
  doi={10.3389/fphys.2018.01002}
}

@ARTICLE{Liang2023_on,
  title     = "Synergistic integration of deep neural networks and finite
               element method with applications of nonlinear large deformation
               biomechanics",
  author    = "Liang, Liang and Liu, Minliang and Elefteriades, John and Sun,
               Wei",
  journal   = "Comput. Methods Appl. Mech. Eng.",
  publisher = "Elsevier BV",
  volume    =  416,
  number    =  116347,
  pages     = "116347",
  month     =  nov,
  year      =  2023,
  keywords  = "aortic aneurysm; deep neural network; finite element method;
               inverse method",
  language  = "en",
  doi = {10.1016/j.cma.2023.116347},
}

@ARTICLE{Moura2024_rh,
  title     = "Patient-specific surrogate model to predict pelvic floor
               dynamics during vaginal delivery",
  author    = "Moura, Rita and Oliveira, Dulce A and Parente, Marco P L and
               Kimmich, Nina and Hyn{\v c}{\'\i}k, Lud{\v e}k and
               Hymp{\'a}nov{\'a}, Lucie H and Jorge, Renato M Natal",
  journal   = "J. Mech. Behav. Biomed. Mater.",
  publisher = "Elsevier BV",
  volume    =  160,
  number    =  106736,
  pages     = "106736",
  month     =  dec,
  year      =  2024,
  keywords  = "Finite element simulations; Machine learning; Mesh morphing;
               Pelvic floor stretch; Real-time biomechanics; Vaginal delivery",
  copyright = "http://creativecommons.org/licenses/by-nc-nd/4.0/",
  language  = "en",
  doi = {10.1016/j.jmbbm.2024.106736}
}

@ARTICLE{Hashemi2023,

  author={Hashemi, Ali and Jang, Jinwoo and Beheshti, Javad},

  journal={IEEE Access}, 

  title={A Machine Learning-Based Surrogate Finite Element Model for Estimating Dynamic Response of Mechanical Systems}, 

  year={2023},

  volume={11},

  pages={54509-54525},

  keywords={Computational modeling;Finite element analysis;Predictive models;Prediction algorithms;Numerical models;Analytical models;Random forests;Surrogate modeling;finite element analysis;mechanical system analysis;machine learning;artificial neural networks;random forest trees;gradient boosting regression trees;adaptive boosting trees},

  doi={10.1109/ACCESS.2023.3282453}}

@ARTICLE{Moura2024_vy,
  title     = "A finite element-based machine learning framework to predict the
               mechanical behavior of the pelvic floor muscles during
               childbirth",
  author    = "Moura, Rita and Oliveira, Dulce A and Ferreira, Jo{\~a}o P S and
               Parente, Marco P L and Kimmich, Nina and Natal Jorge, Renato M",
  journal   = "Expert Syst. Appl.",
  publisher = "Elsevier BV",
  volume    =  250,
  number    =  123953,
  pages     = "123953",
  month     =  sep,
  year      =  2024,
  copyright = "http://creativecommons.org/licenses/by-nc-nd/4.0/",
  language  = "en",
  doi = {10.1016/j.eswa.2024.123953}
}

@ARTICLE{Sajjadinia2024_dv,
  title     = "Bridging diverse physics and scales of knee cartilage with
               efficient and augmented graph learning",
  author    = "Sajjadinia, Seyed Shayan and Carpentieri, Bruno and Holzapfel,
               Gerhard A",
  journal   = "IEEE Access",
  publisher = "Institute of Electrical and Electronics Engineers (IEEE)",
  volume    =  12,
  pages     = "86302--86318",
  year      =  2024,
  doi= {10.1109/ACCESS.2024.3416872},
  copyright = "https://creativecommons.org/licenses/by/4.0/legalcode"
}

@ARTICLE{Geronzi2023_dy,
  title     = "Computer-aided shape features extraction and regression models
               for predicting the ascending aortic aneurysm growth rate",
  author    = "Geronzi, Leonardo and Martinez, Antonio and Rochette, Michel and
               Yan, Kexin and Bel-Brunon, Aline and Haigron, Pascal and Escrig,
               Pierre and Tomasi, Jacques and Daniel, Morgan and Lalande, Alain
               and Lin, Siyu and Marin-Castrillon, Diana Marcela and Bouchot,
               Olivier and Porterie, Jean and Valentini, Pier Paolo and
               Biancolini, Marco Evangelos",
  journal   = "Comput. Biol. Med.",
  publisher = "Elsevier BV",
  volume    =  162,
  number    =  107052,
  pages     = "107052",
  month     =  aug,
  year      =  2023,
  keywords  = "Ascending aortic aneurysm; Growth prediction; Regression; Shape
               features",
  language  = "en",
  doi = {10.1016/j.compbiomed.2023.107052}
}

@article{GRASSI2011112,
title = {Evaluation of the generality and accuracy of a new mesh morphing procedure for the human femur},
journal = {Medical Engineering \& Physics},
volume = {33},
number = {1},
pages = {112-120},
year = {2011},
issn = {1350-4533},
doi = {https://doi.org/10.1016/j.medengphy.2010.09.014},
url = {https://www.sciencedirect.com/science/article/pii/S1350453310002109},
author = {Lorenzo Grassi and Najah Hraiech and Enrico Schileo and Mauro Ansaloni and Michel Rochette and Marco Viceconti},
keywords = {Bone biomechanics, Femur, Subject-specific finite element model, Mesh morphing, Radial basis function},
abstract = {Various papers described mesh morphing techniques for computational biomechanics, but none of them provided a quantitative assessment of generality, robustness, automation, and accuracy in predicting strains. This study aims to quantitatively evaluate the performance of a novel mesh-morphing algorithm. A mesh-morphing algorithm based on radial-basis functions and on manual selection of corresponding landmarks on template and target was developed. The periosteal geometries of 100 femurs were derived from a computed tomography scan database and used to test the algorithm generality in producing finite element (FE) morphed meshes. A published benchmark, consisting of eight femurs for which in vitro strain measurements and standard FE model strain prediction accuracy were available, was used to assess the accuracy of morphed FE models in predicting strains. Relevant parameters were identified to test the algorithm robustness to operative conditions. Time and effort needed were evaluated to define the algorithm degree of automation. Morphing was successful for 95% of the specimens, with mesh quality indicators comparable to those of standard FE meshes. Accuracy of the morphed meshes in predicting strains was good (R2>0.9, RMSE%<10%) and not statistically different from the standard meshes (p-value=0.1083). The algorithm was robust to inter- and intra-operator variability, target geometry refinement (p-value>0.05) and partially to the number of landmark used. Producing a morphed mesh starting from the triangularized geometry of the specimen requires on average 10min. The proposed method is general, robust, automated, and accurate enough to be used in bone FE modelling from diagnostic data, and prospectively in applications such as statistical shape modelling.}
}

@article{phellan2021,
author = {Phellan, Renzo and Hachem, Bahe and Clin, Julien and Mac-Thiong, Jean-Marc and Duong, Luc},
title = {Real-time biomechanics using the finite element method and machine learning: Review and perspective},
journal = {Medical Physics},
volume = {48},
number = {1},
pages = {7-18},
keywords = {biomechanical simulation, finite element modelling, machine learning, neural network, real-time},
doi = {https://doi.org/10.1002/mp.14602},
url = {https://aapm.onlinelibrary.wiley.com/doi/abs/10.1002/mp.14602},
eprint = {https://aapm.onlinelibrary.wiley.com/doi/pdf/10.1002/mp.14602},
year = {2021}
}

@article{Liang2018b,
  title = {A deep learning approach to estimate stress distribution: a fast and accurate surrogate of finite-element analysis},
  volume = {15},
  ISSN = {1742-5662},
  url = {http://dx.doi.org/10.1098/rsif.2017.0844},
  DOI = {10.1098/rsif.2017.0844},
  number = {138},
  journal = {Journal of The Royal Society Interface},
  publisher = {The Royal Society},
  author = {Liang,  Liang and Liu,  Minliang and Martin,  Caitlin and Sun,  Wei},
  year = {2018},
  month = jan,
  pages = {20170844}
}

@article{Ghazi2021,
  title = {Instantaneous Whole-Brain Strain Estimation in Dynamic Head Impact},
  volume = {38},
  ISSN = {1557-9042},
  url = {http://dx.doi.org/10.1089/neu.2020.7281},
  DOI = {10.1089/neu.2020.7281},
  number = {8},
  journal = {Journal of Neurotrauma},
  publisher = {Mary Ann Liebert Inc},
  author = {Ghazi,  Kianoosh and Wu,  Shaoju and Zhao,  Wei and Ji,  Songbai},
  year = {2021},
  month = apr,
  pages = {1023–1035}
}

@article{Mensel2014,
  title = {MRI-based Determination of Reference Values of Thoracic Aortic Wall Thickness in a General Population},
  volume = {24},
  ISSN = {1432-1084},
  url = {http://dx.doi.org/10.1007/s00330-014-3188-8},
  DOI = {10.1007/s00330-014-3188-8},
  number = {9},
  journal = {European Radiology},
  publisher = {Springer Science and Business Media LLC},
  author = {Mensel,  Birger and Quadrat,  Alexander and Schneider,  Tobias and K\"{u}hn,  Jens-Peter and D\"{o}rr,  Marcus and V\"{o}lzke,  Henry and Lieb,  Wolfgang and Hegenscheid,  Katrin and Lorbeer,  Roberto},
  year = {2014},
  month = may,
  pages = {2038–2044}
}

@article{Duprey2010,
  title = {In Vitro Characterisation of Physiological and Maximum Elastic Modulus of Ascending Thoracic Aortic Aneurysms Using Uniaxial Tensile Testing},
  volume = {39},
  ISSN = {1078-5884},
  url = {http://dx.doi.org/10.1016/j.ejvs.2010.02.015},
  DOI = {10.1016/j.ejvs.2010.02.015},
  number = {6},
  journal = {European Journal of Vascular and Endovascular Surgery},
  publisher = {Elsevier BV},
  author = {Duprey,  A. and Khanafer,  K. and Schlicht,  M. and Avril,  S. and Williams,  D. and Berguer,  R.},
  year = {2010},
  month = jun,
  pages = {700–707}
}